timestamp,buyer,seller,symbol,currency,price,quantity,source_file
100,,,RAINFOREST_RESIN,SEASHELLS,10002.0,1,trades_round_1_day_0.csv
300,,,KELP,SEASHELLS,2029.0,6,trades_round_1_day_0.csv
300,,,RAINFOREST_RESIN,SEASHELLS,9998.0,2,trades_round_1_day_0.csv
300,,,RAINFOREST_RESIN,SEASHELLS,9998.0,1,trades_round_1_day_0.csv
300,,,SQUID_INK,SEASHELLS,1965.0,6,trades_round_1_day_0.csv
500,,,KELP,SEASHELLS,2031.0,1,trades_round_1_day_0.csv
500,,,RAINFOREST_RESIN,SEASHELLS,10004.0,1,trades_round_1_day_0.csv
500,,,RAINFOREST_RESIN,SEASHELLS,10002.0,1,trades_round_1_day_0.csv
500,,,SQUID_INK,SEASHELLS,1970.0,1,trades_round_1_day_0.csv
1300,,,KELP,SEASHELLS,2031.0,2,trades_round_1_day_0.csv
1300,,,SQUID_INK,SEASHELLS,1970.0,2,trades_round_1_day_0.csv
1300,,,SQUID_INK,SEASHELLS,1968.0,5,trades_round_1_day_0.csv
1400,,,KELP,SEASHELLS,2029.0,1,trades_round_1_day_0.csv
1400,,,SQUID_INK,SEASHELLS,1969.0,1,trades_round_1_day_0.csv
1500,,,KELP,SEASHELLS,2032.0,1,trades_round_1_day_0.csv
1500,,,RAINFOREST_RESIN,SEASHELLS,10002.0,1,trades_round_1_day_0.csv
1500,,,SQUID_INK,SEASHELLS,1971.0,1,trades_round_1_day_0.csv
1700,,,RAINFOREST_RESIN,SEASHELLS,10005.0,6,trades_round_1_day_0.csv
2000,,,KELP,SEASHELLS,2030.0,7,trades_round_1_day_0.csv
2000,,,SQUID_INK,SEASHELLS,1972.0,7,trades_round_1_day_0.csv
2400,,,SQUID_INK,SEASHELLS,1975.0,10,trades_round_1_day_0.csv
2700,,,RAINFOREST_RESIN,SEASHELLS,9998.0,5,trades_round_1_day_0.csv
2800,,,KELP,SEASHELLS,2033.0,1,trades_round_1_day_0.csv
2900,,,RAINFOREST_RESIN,SEASHELLS,9998.0,1,trades_round_1_day_0.csv
3100,,,KELP,SEASHELLS,2031.0,1,trades_round_1_day_0.csv
3100,,,SQUID_INK,SEASHELLS,1972.0,1,trades_round_1_day_0.csv
3300,,,RAINFOREST_RESIN,SEASHELLS,9996.0,2,trades_round_1_day_0.csv
3300,,,RAINFOREST_RESIN,SEASHELLS,9996.0,2,trades_round_1_day_0.csv
3700,,,KELP,SEASHELLS,2033.0,1,trades_round_1_day_0.csv
3700,,,SQUID_INK,SEASHELLS,1973.0,1,trades_round_1_day_0.csv
3700,,,SQUID_INK,SEASHELLS,1972.0,4,trades_round_1_day_0.csv
3800,,,KELP,SEASHELLS,2030.0,11,trades_round_1_day_0.csv
3800,,,SQUID_INK,SEASHELLS,1971.0,11,trades_round_1_day_0.csv
4200,,,KELP,SEASHELLS,2030.0,3,trades_round_1_day_0.csv
4200,,,KELP,SEASHELLS,2030.0,2,trades_round_1_day_0.csv
4200,,,SQUID_INK,SEASHELLS,1971.0,3,trades_round_1_day_0.csv
4200,,,SQUID_INK,SEASHELLS,1971.0,2,trades_round_1_day_0.csv
4300,,,KELP,SEASHELLS,2030.0,1,trades_round_1_day_0.csv
4300,,,RAINFOREST_RESIN,SEASHELLS,9996.0,2,trades_round_1_day_0.csv
4300,,,RAINFOREST_RESIN,SEASHELLS,9995.0,1,trades_round_1_day_0.csv
4300,,,RAINFOREST_RESIN,SEASHELLS,9996.0,1,trades_round_1_day_0.csv
4300,,,SQUID_INK,SEASHELLS,1970.0,1,trades_round_1_day_0.csv
4400,,,KELP,SEASHELLS,2030.0,1,trades_round_1_day_0.csv
4400,,,RAINFOREST_RESIN,SEASHELLS,9998.0,1,trades_round_1_day_0.csv
4400,,,SQUID_INK,SEASHELLS,1971.0,1,trades_round_1_day_0.csv
4800,,,KELP,SEASHELLS,2031.0,1,trades_round_1_day_0.csv
4800,,,RAINFOREST_RESIN,SEASHELLS,10002.0,3,trades_round_1_day_0.csv
4800,,,SQUID_INK,SEASHELLS,1973.0,1,trades_round_1_day_0.csv
4900,,,RAINFOREST_RESIN,SEASHELLS,9998.0,1,trades_round_1_day_0.csv
4900,,,RAINFOREST_RESIN,SEASHELLS,9998.0,4,trades_round_1_day_0.csv
5400,,,KELP,SEASHELLS,2030.0,6,trades_round_1_day_0.csv
5400,,,SQUID_INK,SEASHELLS,1973.0,6,trades_round_1_day_0.csv
6300,,,KELP,SEASHELLS,2029.0,1,trades_round_1_day_0.csv
6300,,,SQUID_INK,SEASHELLS,1973.0,1,trades_round_1_day_0.csv
6700,,,RAINFOREST_RESIN,SEASHELLS,10002.0,4,trades_round_1_day_0.csv
6800,,,KELP,SEASHELLS,2029.0,2,trades_round_1_day_0.csv
6800,,,RAINFOREST_RESIN,SEASHELLS,9998.0,1,trades_round_1_day_0.csv
6800,,,RAINFOREST_RESIN,SEASHELLS,9996.0,1,trades_round_1_day_0.csv
6800,,,RAINFOREST_RESIN,SEASHELLS,9996.0,1,trades_round_1_day_0.csv
6800,,,SQUID_INK,SEASHELLS,1975.0,1,trades_round_1_day_0.csv
6800,,,SQUID_INK,SEASHELLS,1975.0,1,trades_round_1_day_0.csv
6900,,,KELP,SEASHELLS,2032.0,1,trades_round_1_day_0.csv
6900,,,SQUID_INK,SEASHELLS,1975.0,1,trades_round_1_day_0.csv
7200,,,KELP,SEASHELLS,2033.0,1,trades_round_1_day_0.csv
7200,,,RAINFOREST_RESIN,SEASHELLS,10004.0,1,trades_round_1_day_0.csv
7200,,,SQUID_INK,SEASHELLS,1979.0,1,trades_round_1_day_0.csv
7300,,,KELP,SEASHELLS,2030.0,15,trades_round_1_day_0.csv
7300,,,SQUID_INK,SEASHELLS,1975.0,15,trades_round_1_day_0.csv
7400,,,RAINFOREST_RESIN,SEASHELLS,10002.0,1,trades_round_1_day_0.csv
7700,,,KELP,SEASHELLS,2032.0,1,trades_round_1_day_0.csv
7700,,,KELP,SEASHELLS,2032.0,1,trades_round_1_day_0.csv
7700,,,RAINFOREST_RESIN,SEASHELLS,10005.0,1,trades_round_1_day_0.csv
7700,,,SQUID_INK,SEASHELLS,1976.0,1,trades_round_1_day_0.csv
7700,,,SQUID_INK,SEASHELLS,1976.0,1,trades_round_1_day_0.csv
7800,,,KELP,SEASHELLS,2032.0,1,trades_round_1_day_0.csv
7800,,,SQUID_INK,SEASHELLS,1976.0,1,trades_round_1_day_0.csv
7900,,,KELP,SEASHELLS,2032.0,1,trades_round_1_day_0.csv
7900,,,RAINFOREST_RESIN,SEASHELLS,10002.0,1,trades_round_1_day_0.csv
7900,,,SQUID_INK,SEASHELLS,1974.0,1,trades_round_1_day_0.csv
8100,,,KELP,SEASHELLS,2033.0,14,trades_round_1_day_0.csv
8100,,,SQUID_INK,SEASHELLS,1976.0,14,trades_round_1_day_0.csv
8200,,,RAINFOREST_RESIN,SEASHELLS,9998.0,1,trades_round_1_day_0.csv
8300,,,KELP,SEASHELLS,2033.0,11,trades_round_1_day_0.csv
8300,,,SQUID_INK,SEASHELLS,1980.0,11,trades_round_1_day_0.csv
8900,,,RAINFOREST_RESIN,SEASHELLS,10002.0,5,trades_round_1_day_0.csv
9300,,,KELP,SEASHELLS,2032.0,4,trades_round_1_day_0.csv
9600,,,KELP,SEASHELLS,2032.0,1,trades_round_1_day_0.csv
9600,,,KELP,SEASHELLS,2032.0,1,trades_round_1_day_0.csv
9600,,,KELP,SEASHELLS,2030.0,6,trades_round_1_day_0.csv
9600,,,SQUID_INK,SEASHELLS,1983.0,1,trades_round_1_day_0.csv
9600,,,SQUID_INK,SEASHELLS,1983.0,1,trades_round_1_day_0.csv
10100,,,KELP,SEASHELLS,2032.0,4,trades_round_1_day_0.csv
10300,,,KELP,SEASHELLS,2033.0,2,trades_round_1_day_0.csv
10300,,,RAINFOREST_RESIN,SEASHELLS,10004.0,2,trades_round_1_day_0.csv
10300,,,SQUID_INK,SEASHELLS,1985.0,2,trades_round_1_day_0.csv
10600,,,RAINFOREST_RESIN,SEASHELLS,9998.0,1,trades_round_1_day_0.csv
10600,,,RAINFOREST_RESIN,SEASHELLS,9998.0,1,trades_round_1_day_0.csv
10700,,,KELP,SEASHELLS,2029.0,6,trades_round_1_day_0.csv
10700,,,SQUID_INK,SEASHELLS,1981.0,6,trades_round_1_day_0.csv
10800,,,KELP,SEASHELLS,2029.0,1,trades_round_1_day_0.csv
10800,,,RAINFOREST_RESIN,SEASHELLS,10002.0,1,trades_round_1_day_0.csv
10800,,,SQUID_INK,SEASHELLS,1981.0,1,trades_round_1_day_0.csv
11100,,,RAINFOREST_RESIN,SEASHELLS,9996.0,2,trades_round_1_day_0.csv
11300,,,KELP,SEASHELLS,2033.0,6,trades_round_1_day_0.csv
11300,,,SQUID_INK,SEASHELLS,1983.0,6,trades_round_1_day_0.csv
11400,,,RAINFOREST_RESIN,SEASHELLS,9998.0,1,trades_round_1_day_0.csv
12100,,,KELP,SEASHELLS,2030.0,2,trades_round_1_day_0.csv
12100,,,RAINFOREST_RESIN,SEASHELLS,10002.0,1,trades_round_1_day_0.csv
12100,,,SQUID_INK,SEASHELLS,1979.0,15,trades_round_1_day_0.csv
12300,,,RAINFOREST_RESIN,SEASHELLS,10002.0,1,trades_round_1_day_0.csv
12500,,,RAINFOREST_RESIN,SEASHELLS,10002.0,5,trades_round_1_day_0.csv
13300,,,KELP,SEASHELLS,2032.0,1,trades_round_1_day_0.csv
13300,,,SQUID_INK,SEASHELLS,1974.0,1,trades_round_1_day_0.csv
13600,,,SQUID_INK,SEASHELLS,1976.0,5,trades_round_1_day_0.csv
13700,,,RAINFOREST_RESIN,SEASHELLS,9998.0,1,trades_round_1_day_0.csv
14000,,,KELP,SEASHELLS,2033.0,1,trades_round_1_day_0.csv
14000,,,RAINFOREST_RESIN,SEASHELLS,9996.0,1,trades_round_1_day_0.csv
14000,,,SQUID_INK,SEASHELLS,1976.0,1,trades_round_1_day_0.csv
14300,,,KELP,SEASHELLS,2031.0,1,trades_round_1_day_0.csv
14300,,,SQUID_INK,SEASHELLS,1974.0,1,trades_round_1_day_0.csv
14500,,,KELP,SEASHELLS,2030.0,1,trades_round_1_day_0.csv
14500,,,KELP,SEASHELLS,2031.0,2,trades_round_1_day_0.csv
14500,,,SQUID_INK,SEASHELLS,1976.0,1,trades_round_1_day_0.csv
14500,,,SQUID_INK,SEASHELLS,1977.0,2,trades_round_1_day_0.csv
14800,,,KELP,SEASHELLS,2030.0,1,trades_round_1_day_0.csv
14800,,,SQUID_INK,SEASHELLS,1977.0,1,trades_round_1_day_0.csv
15000,,,KELP,SEASHELLS,2030.0,1,trades_round_1_day_0.csv
15000,,,SQUID_INK,SEASHELLS,1977.0,1,trades_round_1_day_0.csv
15100,,,KELP,SEASHELLS,2033.0,1,trades_round_1_day_0.csv
15100,,,RAINFOREST_RESIN,SEASHELLS,10002.0,1,trades_round_1_day_0.csv
15200,,,KELP,SEASHELLS,2031.0,7,trades_round_1_day_0.csv
15200,,,KELP,SEASHELLS,2031.0,1,trades_round_1_day_0.csv
15200,,,SQUID_INK,SEASHELLS,1977.0,7,trades_round_1_day_0.csv
15400,,,KELP,SEASHELLS,2033.0,1,trades_round_1_day_0.csv
15400,,,RAINFOREST_RESIN,SEASHELLS,10002.0,1,trades_round_1_day_0.csv
15400,,,SQUID_INK,SEASHELLS,1974.0,1,trades_round_1_day_0.csv
15500,,,KELP,SEASHELLS,2032.0,1,trades_round_1_day_0.csv
15500,,,KELP,SEASHELLS,2030.0,4,trades_round_1_day_0.csv
15500,,,SQUID_INK,SEASHELLS,1975.0,1,trades_round_1_day_0.csv
15500,,,SQUID_INK,SEASHELLS,1972.0,4,trades_round_1_day_0.csv
15800,,,KELP,SEASHELLS,2030.0,11,trades_round_1_day_0.csv
15800,,,RAINFOREST_RESIN,SEASHELLS,9998.0,4,trades_round_1_day_0.csv
15800,,,SQUID_INK,SEASHELLS,1973.0,2,trades_round_1_day_0.csv
15800,,,SQUID_INK,SEASHELLS,1973.0,9,trades_round_1_day_0.csv
16200,,,KELP,SEASHELLS,2032.0,1,trades_round_1_day_0.csv
16200,,,KELP,SEASHELLS,2032.0,3,trades_round_1_day_0.csv
16200,,,SQUID_INK,SEASHELLS,1970.0,1,trades_round_1_day_0.csv
16200,,,SQUID_INK,SEASHELLS,1970.0,3,trades_round_1_day_0.csv
16400,,,KELP,SEASHELLS,2030.0,4,trades_round_1_day_0.csv
16700,,,KELP,SEASHELLS,2030.0,1,trades_round_1_day_0.csv
16700,,,SQUID_INK,SEASHELLS,1966.0,1,trades_round_1_day_0.csv
16800,,,KELP,SEASHELLS,2033.0,2,trades_round_1_day_0.csv
16800,,,RAINFOREST_RESIN,SEASHELLS,10002.0,2,trades_round_1_day_0.csv
16800,,,SQUID_INK,SEASHELLS,1968.0,2,trades_round_1_day_0.csv
17100,,,KELP,SEASHELLS,2030.0,1,trades_round_1_day_0.csv
17100,,,SQUID_INK,SEASHELLS,1964.0,1,trades_round_1_day_0.csv
17300,,,RAINFOREST_RESIN,SEASHELLS,9998.0,1,trades_round_1_day_0.csv
18000,,,SQUID_INK,SEASHELLS,1965.0,5,trades_round_1_day_0.csv
18200,,,KELP,SEASHELLS,2033.0,7,trades_round_1_day_0.csv
18200,,,SQUID_INK,SEASHELLS,1968.0,1,trades_round_1_day_0.csv
18600,,,RAINFOREST_RESIN,SEASHELLS,10002.0,1,trades_round_1_day_0.csv
18700,,,KELP,SEASHELLS,2031.0,5,trades_round_1_day_0.csv
18700,,,KELP,SEASHELLS,2031.0,3,trades_round_1_day_0.csv
18700,,,SQUID_INK,SEASHELLS,1966.0,5,trades_round_1_day_0.csv
18700,,,SQUID_INK,SEASHELLS,1966.0,3,trades_round_1_day_0.csv
18900,,,KELP,SEASHELLS,2033.0,2,trades_round_1_day_0.csv
18900,,,RAINFOREST_RESIN,SEASHELLS,10004.0,1,trades_round_1_day_0.csv
18900,,,SQUID_INK,SEASHELLS,1967.0,2,trades_round_1_day_0.csv
19000,,,KELP,SEASHELLS,2030.0,1,trades_round_1_day_0.csv
19000,,,KELP,SEASHELLS,2031.0,2,trades_round_1_day_0.csv
19000,,,SQUID_INK,SEASHELLS,1964.0,1,trades_round_1_day_0.csv
19000,,,SQUID_INK,SEASHELLS,1966.0,2,trades_round_1_day_0.csv
20100,,,KELP,SEASHELLS,2033.0,12,trades_round_1_day_0.csv
20100,,,RAINFOREST_RESIN,SEASHELLS,9998.0,1,trades_round_1_day_0.csv
20100,,,SQUID_INK,SEASHELLS,1972.0,12,trades_round_1_day_0.csv
20600,,,KELP,SEASHELLS,2033.0,1,trades_round_1_day_0.csv
20600,,,RAINFOREST_RESIN,SEASHELLS,10004.0,1,trades_round_1_day_0.csv
20600,,,SQUID_INK,SEASHELLS,1973.0,1,trades_round_1_day_0.csv
20800,,,KELP,SEASHELLS,2032.0,1,trades_round_1_day_0.csv
20800,,,SQUID_INK,SEASHELLS,1972.0,1,trades_round_1_day_0.csv
20900,,,RAINFOREST_RESIN,SEASHELLS,10004.0,1,trades_round_1_day_0.csv
21100,,,KELP,SEASHELLS,2030.0,2,trades_round_1_day_0.csv
21100,,,RAINFOREST_RESIN,SEASHELLS,9998.0,1,trades_round_1_day_0.csv
21100,,,RAINFOREST_RESIN,SEASHELLS,9998.0,1,trades_round_1_day_0.csv
21100,,,SQUID_INK,SEASHELLS,1972.0,2,trades_round_1_day_0.csv
21300,,,KELP,SEASHELLS,2030.0,1,trades_round_1_day_0.csv
21300,,,SQUID_INK,SEASHELLS,1975.0,1,trades_round_1_day_0.csv
21600,,,KELP,SEASHELLS,2030.0,1,trades_round_1_day_0.csv
21600,,,RAINFOREST_RESIN,SEASHELLS,10002.0,1,trades_round_1_day_0.csv
21600,,,SQUID_INK,SEASHELLS,1976.0,1,trades_round_1_day_0.csv
21800,,,KELP,SEASHELLS,2030.0,1,trades_round_1_day_0.csv
21900,,,KELP,SEASHELLS,2031.0,1,trades_round_1_day_0.csv
21900,,,RAINFOREST_RESIN,SEASHELLS,9996.0,1,trades_round_1_day_0.csv
21900,,,SQUID_INK,SEASHELLS,1977.0,1,trades_round_1_day_0.csv
22000,,,KELP,SEASHELLS,2031.0,1,trades_round_1_day_0.csv
22000,,,RAINFOREST_RESIN,SEASHELLS,10000.0,2,trades_round_1_day_0.csv
22000,,,SQUID_INK,SEASHELLS,1977.0,1,trades_round_1_day_0.csv
22000,,,SQUID_INK,SEASHELLS,1978.0,2,trades_round_1_day_0.csv
22100,,,KELP,SEASHELLS,2031.0,1,trades_round_1_day_0.csv
22100,,,KELP,SEASHELLS,2031.0,1,trades_round_1_day_0.csv
22100,,,RAINFOREST_RESIN,SEASHELLS,9996.0,1,trades_round_1_day_0.csv
22100,,,SQUID_INK,SEASHELLS,1976.0,1,trades_round_1_day_0.csv
22100,,,SQUID_INK,SEASHELLS,1976.0,1,trades_round_1_day_0.csv
22400,,,RAINFOREST_RESIN,SEASHELLS,10002.0,1,trades_round_1_day_0.csv
22400,,,RAINFOREST_RESIN,SEASHELLS,10002.0,2,trades_round_1_day_0.csv
22500,,,RAINFOREST_RESIN,SEASHELLS,10002.0,6,trades_round_1_day_0.csv
22700,,,KELP,SEASHELLS,2034.0,9,trades_round_1_day_0.csv
22700,,,SQUID_INK,SEASHELLS,1982.0,9,trades_round_1_day_0.csv
23200,,,RAINFOREST_RESIN,SEASHELLS,9998.0,1,trades_round_1_day_0.csv
23300,,,SQUID_INK,SEASHELLS,1983.0,2,trades_round_1_day_0.csv
23700,,,KELP,SEASHELLS,2034.0,5,trades_round_1_day_0.csv
23700,,,SQUID_INK,SEASHELLS,1984.0,5,trades_round_1_day_0.csv
23900,,,KELP,SEASHELLS,2033.0,1,trades_round_1_day_0.csv
24200,,,RAINFOREST_RESIN,SEASHELLS,9998.0,1,trades_round_1_day_0.csv
24200,,,SQUID_INK,SEASHELLS,1986.0,1,trades_round_1_day_0.csv
24200,,,SQUID_INK,SEASHELLS,1984.0,14,trades_round_1_day_0.csv
24300,,,RAINFOREST_RESIN,SEASHELLS,10002.0,5,trades_round_1_day_0.csv
24300,,,RAINFOREST_RESIN,SEASHELLS,10002.0,1,trades_round_1_day_0.csv
24500,,,KELP,SEASHELLS,2030.0,1,trades_round_1_day_0.csv
24500,,,RAINFOREST_RESIN,SEASHELLS,9998.0,1,trades_round_1_day_0.csv
24500,,,RAINFOREST_RESIN,SEASHELLS,9998.0,1,trades_round_1_day_0.csv
24500,,,SQUID_INK,SEASHELLS,1984.0,1,trades_round_1_day_0.csv
24700,,,KELP,SEASHELLS,2034.0,1,trades_round_1_day_0.csv
24700,,,RAINFOREST_RESIN,SEASHELLS,10004.0,1,trades_round_1_day_0.csv
24700,,,SQUID_INK,SEASHELLS,1985.0,1,trades_round_1_day_0.csv
25100,,,KELP,SEASHELLS,2034.0,2,trades_round_1_day_0.csv
25100,,,RAINFOREST_RESIN,SEASHELLS,10005.0,2,trades_round_1_day_0.csv
25100,,,SQUID_INK,SEASHELLS,1984.0,2,trades_round_1_day_0.csv
25200,,,KELP,SEASHELLS,2031.0,1,trades_round_1_day_0.csv
25300,,,KELP,SEASHELLS,2031.0,1,trades_round_1_day_0.csv
25300,,,RAINFOREST_RESIN,SEASHELLS,9996.0,1,trades_round_1_day_0.csv
25300,,,SQUID_INK,SEASHELLS,1978.0,1,trades_round_1_day_0.csv
25400,,,KELP,SEASHELLS,2034.0,1,trades_round_1_day_0.csv
25400,,,RAINFOREST_RESIN,SEASHELLS,10004.0,1,trades_round_1_day_0.csv
25400,,,SQUID_INK,SEASHELLS,1981.0,1,trades_round_1_day_0.csv
26400,,,KELP,SEASHELLS,2031.0,1,trades_round_1_day_0.csv
26400,,,SQUID_INK,SEASHELLS,1974.0,1,trades_round_1_day_0.csv
26500,,,KELP,SEASHELLS,2034.0,2,trades_round_1_day_0.csv
26500,,,KELP,SEASHELLS,2033.0,1,trades_round_1_day_0.csv
26500,,,RAINFOREST_RESIN,SEASHELLS,10002.0,2,trades_round_1_day_0.csv
26500,,,SQUID_INK,SEASHELLS,1982.0,2,trades_round_1_day_0.csv
26500,,,SQUID_INK,SEASHELLS,1981.0,1,trades_round_1_day_0.csv
26600,,,RAINFOREST_RESIN,SEASHELLS,10002.0,3,trades_round_1_day_0.csv
26700,,,KELP,SEASHELLS,2033.0,2,trades_round_1_day_0.csv
26700,,,SQUID_INK,SEASHELLS,1976.0,2,trades_round_1_day_0.csv
26900,,,RAINFOREST_RESIN,SEASHELLS,9998.0,1,trades_round_1_day_0.csv
27400,,,KELP,SEASHELLS,2031.0,2,trades_round_1_day_0.csv
27400,,,KELP,SEASHELLS,2031.0,3,trades_round_1_day_0.csv
27400,,,RAINFOREST_RESIN,SEASHELLS,10004.0,1,trades_round_1_day_0.csv
27400,,,SQUID_INK,SEASHELLS,1969.0,2,trades_round_1_day_0.csv
27600,,,RAINFOREST_RESIN,SEASHELLS,9998.0,1,trades_round_1_day_0.csv
27700,,,KELP,SEASHELLS,2033.0,3,trades_round_1_day_0.csv
27700,,,RAINFOREST_RESIN,SEASHELLS,9996.0,2,trades_round_1_day_0.csv
27700,,,RAINFOREST_RESIN,SEASHELLS,9996.0,4,trades_round_1_day_0.csv
27700,,,SQUID_INK,SEASHELLS,1970.0,3,trades_round_1_day_0.csv
27900,,,RAINFOREST_RESIN,SEASHELLS,9998.0,4,trades_round_1_day_0.csv
28000,,,KELP,SEASHELLS,2034.0,1,trades_round_1_day_0.csv
28000,,,RAINFOREST_RESIN,SEASHELLS,10002.0,1,trades_round_1_day_0.csv
28000,,,SQUID_INK,SEASHELLS,1974.0,1,trades_round_1_day_0.csv
28100,,,KELP,SEASHELLS,2031.0,1,trades_round_1_day_0.csv
28100,,,KELP,SEASHELLS,2031.0,2,trades_round_1_day_0.csv
28100,,,KELP,SEASHELLS,2031.0,1,trades_round_1_day_0.csv
28100,,,RAINFOREST_RESIN,SEASHELLS,9995.0,1,trades_round_1_day_0.csv
28100,,,SQUID_INK,SEASHELLS,1971.0,1,trades_round_1_day_0.csv
28100,,,SQUID_INK,SEASHELLS,1972.0,3,trades_round_1_day_0.csv
28600,,,KELP,SEASHELLS,2031.0,1,trades_round_1_day_0.csv
28600,,,SQUID_INK,SEASHELLS,1971.0,1,trades_round_1_day_0.csv
28700,,,RAINFOREST_RESIN,SEASHELLS,9996.0,1,trades_round_1_day_0.csv
28700,,,RAINFOREST_RESIN,SEASHELLS,9996.0,7,trades_round_1_day_0.csv
29000,,,KELP,SEASHELLS,2034.0,1,trades_round_1_day_0.csv
29000,,,RAINFOREST_RESIN,SEASHELLS,10005.0,1,trades_round_1_day_0.csv
29000,,,SQUID_INK,SEASHELLS,1973.0,1,trades_round_1_day_0.csv
29200,,,RAINFOREST_RESIN,SEASHELLS,10002.0,1,trades_round_1_day_0.csv
29200,,,RAINFOREST_RESIN,SEASHELLS,10002.0,1,trades_round_1_day_0.csv
29200,,,SQUID_INK,SEASHELLS,1971.0,2,trades_round_1_day_0.csv
29300,,,KELP,SEASHELLS,2031.0,1,trades_round_1_day_0.csv
29300,,,SQUID_INK,SEASHELLS,1972.0,1,trades_round_1_day_0.csv
29900,,,KELP,SEASHELLS,2031.0,6,trades_round_1_day_0.csv
29900,,,RAINFOREST_RESIN,SEASHELLS,10002.0,4,trades_round_1_day_0.csv
30000,,,KELP,SEASHELLS,2032.0,1,trades_round_1_day_0.csv
30000,,,SQUID_INK,SEASHELLS,1969.0,1,trades_round_1_day_0.csv
30100,,,KELP,SEASHELLS,2032.0,5,trades_round_1_day_0.csv
30100,,,SQUID_INK,SEASHELLS,1970.0,5,trades_round_1_day_0.csv
30700,,,KELP,SEASHELLS,2030.0,1,trades_round_1_day_0.csv
30700,,,SQUID_INK,SEASHELLS,1960.0,1,trades_round_1_day_0.csv
31200,,,KELP,SEASHELLS,2030.0,1,trades_round_1_day_0.csv
31200,,,SQUID_INK,SEASHELLS,1963.0,1,trades_round_1_day_0.csv
31500,,,KELP,SEASHELLS,2030.0,1,trades_round_1_day_0.csv
31500,,,SQUID_INK,SEASHELLS,1964.0,1,trades_round_1_day_0.csv
31700,,,KELP,SEASHELLS,2033.0,1,trades_round_1_day_0.csv
31700,,,RAINFOREST_RESIN,SEASHELLS,9998.0,1,trades_round_1_day_0.csv
31700,,,RAINFOREST_RESIN,SEASHELLS,9998.0,3,trades_round_1_day_0.csv
31700,,,SQUID_INK,SEASHELLS,1966.0,1,trades_round_1_day_0.csv
32000,,,RAINFOREST_RESIN,SEASHELLS,10002.0,1,trades_round_1_day_0.csv
32200,,,KELP,SEASHELLS,2032.0,1,trades_round_1_day_0.csv
32200,,,SQUID_INK,SEASHELLS,1963.0,1,trades_round_1_day_0.csv
32300,,,RAINFOREST_RESIN,SEASHELLS,10002.0,1,trades_round_1_day_0.csv
32700,,,RAINFOREST_RESIN,SEASHELLS,10002.0,1,trades_round_1_day_0.csv
32800,,,KELP,SEASHELLS,2030.0,5,trades_round_1_day_0.csv
32800,,,SQUID_INK,SEASHELLS,1957.0,5,trades_round_1_day_0.csv
33600,,,KELP,SEASHELLS,2030.0,1,trades_round_1_day_0.csv
33600,,,SQUID_INK,SEASHELLS,1955.0,1,trades_round_1_day_0.csv
33700,,,RAINFOREST_RESIN,SEASHELLS,9998.0,1,trades_round_1_day_0.csv
33800,,,RAINFOREST_RESIN,SEASHELLS,10002.0,1,trades_round_1_day_0.csv
33900,,,KELP,SEASHELLS,2033.0,2,trades_round_1_day_0.csv
33900,,,RAINFOREST_RESIN,SEASHELLS,10005.0,2,trades_round_1_day_0.csv
33900,,,SQUID_INK,SEASHELLS,1959.0,2,trades_round_1_day_0.csv
34200,,,KELP,SEASHELLS,2030.0,1,trades_round_1_day_0.csv
34200,,,KELP,SEASHELLS,2030.0,1,trades_round_1_day_0.csv
34200,,,RAINFOREST_RESIN,SEASHELLS,9996.0,1,trades_round_1_day_0.csv
34200,,,RAINFOREST_RESIN,SEASHELLS,9995.0,2,trades_round_1_day_0.csv
34200,,,RAINFOREST_RESIN,SEASHELLS,9996.0,2,trades_round_1_day_0.csv
34200,,,SQUID_INK,SEASHELLS,1957.0,1,trades_round_1_day_0.csv
34200,,,SQUID_INK,SEASHELLS,1957.0,1,trades_round_1_day_0.csv
34300,,,KELP,SEASHELLS,2030.0,1,trades_round_1_day_0.csv
34300,,,KELP,SEASHELLS,2030.0,1,trades_round_1_day_0.csv
34300,,,KELP,SEASHELLS,2030.0,9,trades_round_1_day_0.csv
34300,,,SQUID_INK,SEASHELLS,1957.0,1,trades_round_1_day_0.csv
34300,,,SQUID_INK,SEASHELLS,1957.0,10,trades_round_1_day_0.csv
34400,,,KELP,SEASHELLS,2030.0,1,trades_round_1_day_0.csv
34400,,,SQUID_INK,SEASHELLS,1957.0,1,trades_round_1_day_0.csv
34700,,,RAINFOREST_RESIN,SEASHELLS,9998.0,5,trades_round_1_day_0.csv
34800,,,RAINFOREST_RESIN,SEASHELLS,10002.0,1,trades_round_1_day_0.csv
34900,,,SQUID_INK,SEASHELLS,1959.0,1,trades_round_1_day_0.csv
35200,,,KELP,SEASHELLS,2030.0,1,trades_round_1_day_0.csv
35200,,,SQUID_INK,SEASHELLS,1958.0,1,trades_round_1_day_0.csv
35500,,,KELP,SEASHELLS,2030.0,1,trades_round_1_day_0.csv
35600,,,KELP,SEASHELLS,2030.0,1,trades_round_1_day_0.csv
35600,,,SQUID_INK,SEASHELLS,1957.0,1,trades_round_1_day_0.csv
35700,,,RAINFOREST_RESIN,SEASHELLS,10002.0,1,trades_round_1_day_0.csv
35700,,,RAINFOREST_RESIN,SEASHELLS,10002.0,1,trades_round_1_day_0.csv
35900,,,KELP,SEASHELLS,2032.0,1,trades_round_1_day_0.csv
35900,,,SQUID_INK,SEASHELLS,1960.0,1,trades_round_1_day_0.csv
36000,,,RAINFOREST_RESIN,SEASHELLS,9998.0,1,trades_round_1_day_0.csv
36300,,,KELP,SEASHELLS,2030.0,1,trades_round_1_day_0.csv
36500,,,RAINFOREST_RESIN,SEASHELLS,9996.0,1,trades_round_1_day_0.csv
36700,,,KELP,SEASHELLS,2030.0,1,trades_round_1_day_0.csv
36700,,,KELP,SEASHELLS,2030.0,1,trades_round_1_day_0.csv
36700,,,RAINFOREST_RESIN,SEASHELLS,10002.0,1,trades_round_1_day_0.csv
36700,,,SQUID_INK,SEASHELLS,1957.0,1,trades_round_1_day_0.csv
36800,,,RAINFOREST_RESIN,SEASHELLS,10002.0,1,trades_round_1_day_0.csv
36800,,,SQUID_INK,SEASHELLS,1961.0,3,trades_round_1_day_0.csv
37100,,,KELP,SEASHELLS,2032.0,1,trades_round_1_day_0.csv
37100,,,SQUID_INK,SEASHELLS,1963.0,1,trades_round_1_day_0.csv
37200,,,RAINFOREST_RESIN,SEASHELLS,9998.0,1,trades_round_1_day_0.csv
37300,,,RAINFOREST_RESIN,SEASHELLS,10002.0,7,trades_round_1_day_0.csv
37300,,,RAINFOREST_RESIN,SEASHELLS,10002.0,5,trades_round_1_day_0.csv
37400,,,KELP,SEASHELLS,2029.0,9,trades_round_1_day_0.csv
37400,,,SQUID_INK,SEASHELLS,1958.0,9,trades_round_1_day_0.csv
37700,,,KELP,SEASHELLS,2032.0,1,trades_round_1_day_0.csv
37700,,,SQUID_INK,SEASHELLS,1959.0,1,trades_round_1_day_0.csv
37900,,,KELP,SEASHELLS,2032.0,1,trades_round_1_day_0.csv
37900,,,KELP,SEASHELLS,2030.0,9,trades_round_1_day_0.csv
37900,,,SQUID_INK,SEASHELLS,1959.0,1,trades_round_1_day_0.csv
37900,,,SQUID_INK,SEASHELLS,1957.0,9,trades_round_1_day_0.csv
38100,,,KELP,SEASHELLS,2030.0,1,trades_round_1_day_0.csv
38100,,,SQUID_INK,SEASHELLS,1955.0,1,trades_round_1_day_0.csv
38200,,,RAINFOREST_RESIN,SEASHELLS,9998.0,5,trades_round_1_day_0.csv
38200,,,RAINFOREST_RESIN,SEASHELLS,9998.0,2,trades_round_1_day_0.csv
38400,,,KELP,SEASHELLS,2030.0,1,trades_round_1_day_0.csv
38400,,,SQUID_INK,SEASHELLS,1957.0,1,trades_round_1_day_0.csv
38500,,,KELP,SEASHELLS,2032.0,1,trades_round_1_day_0.csv
38500,,,RAINFOREST_RESIN,SEASHELLS,10002.0,1,trades_round_1_day_0.csv
38500,,,SQUID_INK,SEASHELLS,1958.0,1,trades_round_1_day_0.csv
38600,,,RAINFOREST_RESIN,SEASHELLS,10002.0,5,trades_round_1_day_0.csv
38800,,,KELP,SEASHELLS,2032.0,4,trades_round_1_day_0.csv
38900,,,RAINFOREST_RESIN,SEASHELLS,10002.0,4,trades_round_1_day_0.csv
39400,,,KELP,SEASHELLS,2032.0,1,trades_round_1_day_0.csv
39400,,,RAINFOREST_RESIN,SEASHELLS,10004.0,1,trades_round_1_day_0.csv
39400,,,SQUID_INK,SEASHELLS,1961.0,1,trades_round_1_day_0.csv
39600,,,KELP,SEASHELLS,2029.0,9,trades_round_1_day_0.csv
39600,,,RAINFOREST_RESIN,SEASHELLS,10005.0,2,trades_round_1_day_0.csv
39600,,,SQUID_INK,SEASHELLS,1957.0,9,trades_round_1_day_0.csv
39700,,,KELP,SEASHELLS,2033.0,1,trades_round_1_day_0.csv
39700,,,RAINFOREST_RESIN,SEASHELLS,10005.0,8,trades_round_1_day_0.csv
39700,,,RAINFOREST_RESIN,SEASHELLS,9995.0,2,trades_round_1_day_0.csv
39700,,,RAINFOREST_RESIN,SEASHELLS,10005.0,1,trades_round_1_day_0.csv
39700,,,SQUID_INK,SEASHELLS,1961.0,1,trades_round_1_day_0.csv
40100,,,RAINFOREST_RESIN,SEASHELLS,10002.0,1,trades_round_1_day_0.csv
40300,,,KELP,SEASHELLS,2029.0,2,trades_round_1_day_0.csv
40300,,,KELP,SEASHELLS,2029.0,2,trades_round_1_day_0.csv
40300,,,RAINFOREST_RESIN,SEASHELLS,9996.0,1,trades_round_1_day_0.csv
40300,,,RAINFOREST_RESIN,SEASHELLS,9996.0,5,trades_round_1_day_0.csv
40800,,,KELP,SEASHELLS,2032.0,9,trades_round_1_day_0.csv
40800,,,SQUID_INK,SEASHELLS,1950.0,9,trades_round_1_day_0.csv
41200,,,KELP,SEASHELLS,2031.0,3,trades_round_1_day_0.csv
41400,,,KELP,SEASHELLS,2029.0,1,trades_round_1_day_0.csv
41400,,,SQUID_INK,SEASHELLS,1938.0,1,trades_round_1_day_0.csv
41500,,,KELP,SEASHELLS,2030.0,2,trades_round_1_day_0.csv
41500,,,RAINFOREST_RESIN,SEASHELLS,9998.0,1,trades_round_1_day_0.csv
41500,,,SQUID_INK,SEASHELLS,1942.0,2,trades_round_1_day_0.csv
41900,,,KELP,SEASHELLS,2029.0,2,trades_round_1_day_0.csv
41900,,,SQUID_INK,SEASHELLS,1944.0,2,trades_round_1_day_0.csv
42200,,,KELP,SEASHELLS,2029.0,2,trades_round_1_day_0.csv
42200,,,RAINFOREST_RESIN,SEASHELLS,9995.0,2,trades_round_1_day_0.csv
42200,,,SQUID_INK,SEASHELLS,1949.0,2,trades_round_1_day_0.csv
42300,,,KELP,SEASHELLS,2030.0,1,trades_round_1_day_0.csv
42300,,,KELP,SEASHELLS,2030.0,6,trades_round_1_day_0.csv
42300,,,KELP,SEASHELLS,2032.0,1,trades_round_1_day_0.csv
42300,,,KELP,SEASHELLS,2030.0,1,trades_round_1_day_0.csv
42300,,,RAINFOREST_RESIN,SEASHELLS,10005.0,1,trades_round_1_day_0.csv
42300,,,SQUID_INK,SEASHELLS,1947.0,1,trades_round_1_day_0.csv
42300,,,SQUID_INK,SEASHELLS,1946.0,4,trades_round_1_day_0.csv
42300,,,SQUID_INK,SEASHELLS,1946.0,2,trades_round_1_day_0.csv
42300,,,SQUID_INK,SEASHELLS,1948.0,1,trades_round_1_day_0.csv
42500,,,KELP,SEASHELLS,2028.0,1,trades_round_1_day_0.csv
42500,,,SQUID_INK,SEASHELLS,1946.0,1,trades_round_1_day_0.csv
42700,,,KELP,SEASHELLS,2028.0,1,trades_round_1_day_0.csv
42700,,,SQUID_INK,SEASHELLS,1949.0,1,trades_round_1_day_0.csv
43200,,,KELP,SEASHELLS,2029.0,2,trades_round_1_day_0.csv
43200,,,RAINFOREST_RESIN,SEASHELLS,10002.0,1,trades_round_1_day_0.csv
43200,,,SQUID_INK,SEASHELLS,1949.0,2,trades_round_1_day_0.csv
43400,,,SQUID_INK,SEASHELLS,1947.0,1,trades_round_1_day_0.csv
43800,,,RAINFOREST_RESIN,SEASHELLS,9998.0,1,trades_round_1_day_0.csv
44000,,,RAINFOREST_RESIN,SEASHELLS,10002.0,4,trades_round_1_day_0.csv
44100,,,KELP,SEASHELLS,2028.0,1,trades_round_1_day_0.csv
44100,,,KELP,SEASHELLS,2028.0,2,trades_round_1_day_0.csv
44100,,,RAINFOREST_RESIN,SEASHELLS,9996.0,2,trades_round_1_day_0.csv
44100,,,SQUID_INK,SEASHELLS,1948.0,1,trades_round_1_day_0.csv
44100,,,SQUID_INK,SEASHELLS,1948.0,2,trades_round_1_day_0.csv
44200,,,RAINFOREST_RESIN,SEASHELLS,9998.0,2,trades_round_1_day_0.csv
44500,,,KELP,SEASHELLS,2028.0,1,trades_round_1_day_0.csv
44500,,,RAINFOREST_RESIN,SEASHELLS,9996.0,1,trades_round_1_day_0.csv
44500,,,SQUID_INK,SEASHELLS,1947.0,1,trades_round_1_day_0.csv
44700,,,KELP,SEASHELLS,2028.0,1,trades_round_1_day_0.csv
44700,,,RAINFOREST_RESIN,SEASHELLS,9996.0,1,trades_round_1_day_0.csv
44700,,,SQUID_INK,SEASHELLS,1948.0,1,trades_round_1_day_0.csv
45100,,,KELP,SEASHELLS,2029.0,7,trades_round_1_day_0.csv
45100,,,RAINFOREST_RESIN,SEASHELLS,9998.0,1,trades_round_1_day_0.csv
45100,,,SQUID_INK,SEASHELLS,1947.0,7,trades_round_1_day_0.csv
45300,,,KELP,SEASHELLS,2029.0,1,trades_round_1_day_0.csv
45300,,,KELP,SEASHELLS,2032.0,15,trades_round_1_day_0.csv
45300,,,RAINFOREST_RESIN,SEASHELLS,9998.0,1,trades_round_1_day_0.csv
45300,,,SQUID_INK,SEASHELLS,1947.0,1,trades_round_1_day_0.csv
45300,,,SQUID_INK,SEASHELLS,1950.0,15,trades_round_1_day_0.csv
45600,,,KELP,SEASHELLS,2031.0,1,trades_round_1_day_0.csv
45600,,,SQUID_INK,SEASHELLS,1949.0,1,trades_round_1_day_0.csv
46000,,,RAINFOREST_RESIN,SEASHELLS,9996.0,2,trades_round_1_day_0.csv
46000,,,RAINFOREST_RESIN,SEASHELLS,9996.0,1,trades_round_1_day_0.csv
46000,,,RAINFOREST_RESIN,SEASHELLS,9998.0,5,trades_round_1_day_0.csv
46100,,,KELP,SEASHELLS,2029.0,1,trades_round_1_day_0.csv
46300,,,KELP,SEASHELLS,2031.0,1,trades_round_1_day_0.csv
46300,,,SQUID_INK,SEASHELLS,1948.0,1,trades_round_1_day_0.csv
46400,,,SQUID_INK,SEASHELLS,1948.0,10,trades_round_1_day_0.csv
46500,,,KELP,SEASHELLS,2030.0,1,trades_round_1_day_0.csv
46500,,,SQUID_INK,SEASHELLS,1946.0,1,trades_round_1_day_0.csv
46800,,,KELP,SEASHELLS,2030.0,5,trades_round_1_day_0.csv
46800,,,RAINFOREST_RESIN,SEASHELLS,9998.0,1,trades_round_1_day_0.csv
46800,,,SQUID_INK,SEASHELLS,1948.0,5,trades_round_1_day_0.csv
46900,,,KELP,SEASHELLS,2032.0,1,trades_round_1_day_0.csv
46900,,,SQUID_INK,SEASHELLS,1949.0,1,trades_round_1_day_0.csv
47000,,,KELP,SEASHELLS,2029.0,2,trades_round_1_day_0.csv
47000,,,RAINFOREST_RESIN,SEASHELLS,9995.0,2,trades_round_1_day_0.csv
47000,,,SQUID_INK,SEASHELLS,1948.0,2,trades_round_1_day_0.csv
47100,,,SQUID_INK,SEASHELLS,1947.0,1,trades_round_1_day_0.csv
47200,,,KELP,SEASHELLS,2032.0,1,trades_round_1_day_0.csv
47200,,,SQUID_INK,SEASHELLS,1949.0,1,trades_round_1_day_0.csv
47200,,,SQUID_INK,SEASHELLS,1949.0,3,trades_round_1_day_0.csv
47200,,,SQUID_INK,SEASHELLS,1949.0,1,trades_round_1_day_0.csv
47600,,,KELP,SEASHELLS,2030.0,2,trades_round_1_day_0.csv
47600,,,RAINFOREST_RESIN,SEASHELLS,9995.0,2,trades_round_1_day_0.csv
47600,,,SQUID_INK,SEASHELLS,1945.0,2,trades_round_1_day_0.csv
47700,,,RAINFOREST_RESIN,SEASHELLS,9998.0,1,trades_round_1_day_0.csv
48300,,,KELP,SEASHELLS,2031.0,1,trades_round_1_day_0.csv
48300,,,SQUID_INK,SEASHELLS,1950.0,1,trades_round_1_day_0.csv
48400,,,KELP,SEASHELLS,2032.0,5,trades_round_1_day_0.csv
48400,,,SQUID_INK,SEASHELLS,1953.0,5,trades_round_1_day_0.csv
48700,,,RAINFOREST_RESIN,SEASHELLS,10002.0,2,trades_round_1_day_0.csv
48900,,,KELP,SEASHELLS,2029.0,1,trades_round_1_day_0.csv
48900,,,SQUID_INK,SEASHELLS,1952.0,1,trades_round_1_day_0.csv
49100,,,KELP,SEASHELLS,2029.0,2,trades_round_1_day_0.csv
49100,,,RAINFOREST_RESIN,SEASHELLS,9998.0,2,trades_round_1_day_0.csv
49100,,,SQUID_INK,SEASHELLS,1951.0,2,trades_round_1_day_0.csv
49300,,,KELP,SEASHELLS,2031.0,1,trades_round_1_day_0.csv
49700,,,RAINFOREST_RESIN,SEASHELLS,10002.0,1,trades_round_1_day_0.csv
49800,,,RAINFOREST_RESIN,SEASHELLS,9998.0,1,trades_round_1_day_0.csv
49900,,,RAINFOREST_RESIN,SEASHELLS,10002.0,1,trades_round_1_day_0.csv
50100,,,KELP,SEASHELLS,2032.0,8,trades_round_1_day_0.csv
50100,,,KELP,SEASHELLS,2032.0,2,trades_round_1_day_0.csv
50100,,,RAINFOREST_RESIN,SEASHELLS,10004.0,2,trades_round_1_day_0.csv
50100,,,SQUID_INK,SEASHELLS,1956.0,8,trades_round_1_day_0.csv
50100,,,SQUID_INK,SEASHELLS,1956.0,2,trades_round_1_day_0.csv
50300,,,RAINFOREST_RESIN,SEASHELLS,10002.0,1,trades_round_1_day_0.csv
50400,,,RAINFOREST_RESIN,SEASHELLS,10002.0,4,trades_round_1_day_0.csv
50600,,,KELP,SEASHELLS,2031.0,1,trades_round_1_day_0.csv
50600,,,SQUID_INK,SEASHELLS,1954.0,1,trades_round_1_day_0.csv
50800,,,RAINFOREST_RESIN,SEASHELLS,9998.0,1,trades_round_1_day_0.csv
51300,,,KELP,SEASHELLS,2029.0,9,trades_round_1_day_0.csv
51300,,,SQUID_INK,SEASHELLS,1948.0,9,trades_round_1_day_0.csv
51600,,,KELP,SEASHELLS,2029.0,13,trades_round_1_day_0.csv
51600,,,SQUID_INK,SEASHELLS,1949.0,13,trades_round_1_day_0.csv
52000,,,KELP,SEASHELLS,2029.0,3,trades_round_1_day_0.csv
52000,,,KELP,SEASHELLS,2029.0,7,trades_round_1_day_0.csv
52000,,,SQUID_INK,SEASHELLS,1951.0,3,trades_round_1_day_0.csv
52000,,,SQUID_INK,SEASHELLS,1951.0,1,trades_round_1_day_0.csv
52000,,,SQUID_INK,SEASHELLS,1951.0,6,trades_round_1_day_0.csv
52300,,,KELP,SEASHELLS,2031.0,5,trades_round_1_day_0.csv
52300,,,KELP,SEASHELLS,2031.0,1,trades_round_1_day_0.csv
52300,,,KELP,SEASHELLS,2029.0,2,trades_round_1_day_0.csv
52300,,,SQUID_INK,SEASHELLS,1949.0,1,trades_round_1_day_0.csv
52300,,,SQUID_INK,SEASHELLS,1948.0,5,trades_round_1_day_0.csv
52600,,,KELP,SEASHELLS,2029.0,15,trades_round_1_day_0.csv
52600,,,SQUID_INK,SEASHELLS,1948.0,15,trades_round_1_day_0.csv
52700,,,KELP,SEASHELLS,2029.0,2,trades_round_1_day_0.csv
52700,,,RAINFOREST_RESIN,SEASHELLS,9995.0,2,trades_round_1_day_0.csv
52700,,,RAINFOREST_RESIN,SEASHELLS,9998.0,1,trades_round_1_day_0.csv
52700,,,SQUID_INK,SEASHELLS,1947.0,2,trades_round_1_day_0.csv
53200,,,KELP,SEASHELLS,2033.0,12,trades_round_1_day_0.csv
53200,,,SQUID_INK,SEASHELLS,1952.0,12,trades_round_1_day_0.csv
53400,,,KELP,SEASHELLS,2030.0,1,trades_round_1_day_0.csv
53400,,,SQUID_INK,SEASHELLS,1951.0,1,trades_round_1_day_0.csv
53500,,,KELP,SEASHELLS,2029.0,8,trades_round_1_day_0.csv
53500,,,SQUID_INK,SEASHELLS,1950.0,8,trades_round_1_day_0.csv
53600,,,KELP,SEASHELLS,2029.0,1,trades_round_1_day_0.csv
53600,,,RAINFOREST_RESIN,SEASHELLS,9998.0,2,trades_round_1_day_0.csv
53600,,,SQUID_INK,SEASHELLS,1950.0,1,trades_round_1_day_0.csv
53900,,,KELP,SEASHELLS,2031.0,1,trades_round_1_day_0.csv
53900,,,KELP,SEASHELLS,2029.0,5,trades_round_1_day_0.csv
53900,,,SQUID_INK,SEASHELLS,1952.0,1,trades_round_1_day_0.csv
53900,,,SQUID_INK,SEASHELLS,1949.0,5,trades_round_1_day_0.csv
54400,,,KELP,SEASHELLS,2029.0,1,trades_round_1_day_0.csv
54400,,,SQUID_INK,SEASHELLS,1951.0,1,trades_round_1_day_0.csv
54500,,,SQUID_INK,SEASHELLS,1950.0,1,trades_round_1_day_0.csv
54700,,,RAINFOREST_RESIN,SEASHELLS,9998.0,1,trades_round_1_day_0.csv
55000,,,KELP,SEASHELLS,2029.0,3,trades_round_1_day_0.csv
55000,,,KELP,SEASHELLS,2029.0,1,trades_round_1_day_0.csv
55000,,,KELP,SEASHELLS,2029.0,8,trades_round_1_day_0.csv
55000,,,KELP,SEASHELLS,2032.0,1,trades_round_1_day_0.csv
55000,,,RAINFOREST_RESIN,SEASHELLS,9998.0,1,trades_round_1_day_0.csv
55000,,,SQUID_INK,SEASHELLS,1949.0,3,trades_round_1_day_0.csv
55000,,,SQUID_INK,SEASHELLS,1949.0,1,trades_round_1_day_0.csv
55000,,,SQUID_INK,SEASHELLS,1949.0,1,trades_round_1_day_0.csv
56600,,,RAINFOREST_RESIN,SEASHELLS,10004.0,1,trades_round_1_day_0.csv
56700,,,KELP,SEASHELLS,2029.0,1,trades_round_1_day_0.csv
56700,,,SQUID_INK,SEASHELLS,1947.0,1,trades_round_1_day_0.csv
56800,,,KELP,SEASHELLS,2029.0,1,trades_round_1_day_0.csv
56800,,,SQUID_INK,SEASHELLS,1946.0,1,trades_round_1_day_0.csv
57000,,,KELP,SEASHELLS,2029.0,13,trades_round_1_day_0.csv
57000,,,KELP,SEASHELLS,2029.0,2,trades_round_1_day_0.csv
57000,,,RAINFOREST_RESIN,SEASHELLS,9995.0,2,trades_round_1_day_0.csv
57000,,,SQUID_INK,SEASHELLS,1946.0,13,trades_round_1_day_0.csv
57000,,,SQUID_INK,SEASHELLS,1946.0,2,trades_round_1_day_0.csv
57300,,,RAINFOREST_RESIN,SEASHELLS,10002.0,1,trades_round_1_day_0.csv
57400,,,KELP,SEASHELLS,2029.0,1,trades_round_1_day_0.csv
57400,,,SQUID_INK,SEASHELLS,1942.0,1,trades_round_1_day_0.csv
58000,,,KELP,SEASHELLS,2032.0,1,trades_round_1_day_0.csv
58000,,,SQUID_INK,SEASHELLS,1948.0,1,trades_round_1_day_0.csv
58100,,,KELP,SEASHELLS,2030.0,1,trades_round_1_day_0.csv
58100,,,SQUID_INK,SEASHELLS,1946.0,1,trades_round_1_day_0.csv
58400,,,KELP,SEASHELLS,2030.0,4,trades_round_1_day_0.csv
58800,,,RAINFOREST_RESIN,SEASHELLS,9998.0,1,trades_round_1_day_0.csv
58900,,,RAINFOREST_RESIN,SEASHELLS,9998.0,1,trades_round_1_day_0.csv
59000,,,RAINFOREST_RESIN,SEASHELLS,9998.0,9,trades_round_1_day_0.csv
59100,,,RAINFOREST_RESIN,SEASHELLS,9998.0,2,trades_round_1_day_0.csv
59300,,,RAINFOREST_RESIN,SEASHELLS,9998.0,1,trades_round_1_day_0.csv
59300,,,RAINFOREST_RESIN,SEASHELLS,9998.0,2,trades_round_1_day_0.csv
59400,,,RAINFOREST_RESIN,SEASHELLS,10002.0,3,trades_round_1_day_0.csv
59800,,,KELP,SEASHELLS,2030.0,5,trades_round_1_day_0.csv
59800,,,SQUID_INK,SEASHELLS,1949.0,5,trades_round_1_day_0.csv
59900,,,KELP,SEASHELLS,2032.0,2,trades_round_1_day_0.csv
59900,,,RAINFOREST_RESIN,SEASHELLS,10004.0,2,trades_round_1_day_0.csv
59900,,,RAINFOREST_RESIN,SEASHELLS,10002.0,1,trades_round_1_day_0.csv
59900,,,SQUID_INK,SEASHELLS,1949.0,2,trades_round_1_day_0.csv
60100,,,KELP,SEASHELLS,2029.0,9,trades_round_1_day_0.csv
60100,,,RAINFOREST_RESIN,SEASHELLS,9998.0,1,trades_round_1_day_0.csv
60100,,,SQUID_INK,SEASHELLS,1946.0,9,trades_round_1_day_0.csv
60200,,,RAINFOREST_RESIN,SEASHELLS,9998.0,1,trades_round_1_day_0.csv
60400,,,RAINFOREST_RESIN,SEASHELLS,9998.0,2,trades_round_1_day_0.csv
60500,,,KELP,SEASHELLS,2029.0,15,trades_round_1_day_0.csv
60500,,,KELP,SEASHELLS,2029.0,1,trades_round_1_day_0.csv
60500,,,RAINFOREST_RESIN,SEASHELLS,9996.0,1,trades_round_1_day_0.csv
60500,,,SQUID_INK,SEASHELLS,1944.0,15,trades_round_1_day_0.csv
60500,,,SQUID_INK,SEASHELLS,1944.0,1,trades_round_1_day_0.csv
61000,,,KELP,SEASHELLS,2029.0,8,trades_round_1_day_0.csv
61000,,,KELP,SEASHELLS,2032.0,1,trades_round_1_day_0.csv
61000,,,RAINFOREST_RESIN,SEASHELLS,10004.0,1,trades_round_1_day_0.csv
61000,,,SQUID_INK,SEASHELLS,1944.0,8,trades_round_1_day_0.csv
61000,,,SQUID_INK,SEASHELLS,1947.0,1,trades_round_1_day_0.csv
61100,,,KELP,SEASHELLS,2032.0,9,trades_round_1_day_0.csv
61100,,,SQUID_INK,SEASHELLS,1947.0,9,trades_round_1_day_0.csv
61500,,,RAINFOREST_RESIN,SEASHELLS,10002.0,6,trades_round_1_day_0.csv
62200,,,KELP,SEASHELLS,2029.0,1,trades_round_1_day_0.csv
62200,,,SQUID_INK,SEASHELLS,1946.0,1,trades_round_1_day_0.csv
62800,,,RAINFOREST_RESIN,SEASHELLS,9996.0,1,trades_round_1_day_0.csv
62800,,,RAINFOREST_RESIN,SEASHELLS,9996.0,7,trades_round_1_day_0.csv
62900,,,KELP,SEASHELLS,2031.0,1,trades_round_1_day_0.csv
62900,,,RAINFOREST_RESIN,SEASHELLS,10004.0,1,trades_round_1_day_0.csv
62900,,,SQUID_INK,SEASHELLS,1948.0,1,trades_round_1_day_0.csv
63000,,,KELP,SEASHELLS,2029.0,5,trades_round_1_day_0.csv
63500,,,RAINFOREST_RESIN,SEASHELLS,9998.0,1,trades_round_1_day_0.csv
63700,,,KELP,SEASHELLS,2029.0,1,trades_round_1_day_0.csv
63700,,,RAINFOREST_RESIN,SEASHELLS,9998.0,1,trades_round_1_day_0.csv
63700,,,SQUID_INK,SEASHELLS,1947.0,1,trades_round_1_day_0.csv
63800,,,SQUID_INK,SEASHELLS,1946.0,1,trades_round_1_day_0.csv
63900,,,KELP,SEASHELLS,2029.0,1,trades_round_1_day_0.csv
63900,,,SQUID_INK,SEASHELLS,1946.0,1,trades_round_1_day_0.csv
64400,,,KELP,SEASHELLS,2029.0,1,trades_round_1_day_0.csv
64400,,,SQUID_INK,SEASHELLS,1945.0,1,trades_round_1_day_0.csv
64600,,,KELP,SEASHELLS,2029.0,1,trades_round_1_day_0.csv
64600,,,SQUID_INK,SEASHELLS,1946.0,1,trades_round_1_day_0.csv
64900,,,KELP,SEASHELLS,2029.0,1,trades_round_1_day_0.csv
64900,,,SQUID_INK,SEASHELLS,1945.0,1,trades_round_1_day_0.csv
65100,,,KELP,SEASHELLS,2031.0,1,trades_round_1_day_0.csv
65100,,,RAINFOREST_RESIN,SEASHELLS,10004.0,1,trades_round_1_day_0.csv
65100,,,SQUID_INK,SEASHELLS,1947.0,1,trades_round_1_day_0.csv
65300,,,RAINFOREST_RESIN,SEASHELLS,10002.0,1,trades_round_1_day_0.csv
65300,,,SQUID_INK,SEASHELLS,1951.0,5,trades_round_1_day_0.csv
65300,,,SQUID_INK,SEASHELLS,1951.0,1,trades_round_1_day_0.csv
65400,,,RAINFOREST_RESIN,SEASHELLS,9998.0,1,trades_round_1_day_0.csv
66000,,,KELP,SEASHELLS,2030.0,2,trades_round_1_day_0.csv
66000,,,RAINFOREST_RESIN,SEASHELLS,9996.0,1,trades_round_1_day_0.csv
66000,,,SQUID_INK,SEASHELLS,1954.0,2,trades_round_1_day_0.csv
66100,,,KELP,SEASHELLS,2033.0,8,trades_round_1_day_0.csv
66100,,,RAINFOREST_RESIN,SEASHELLS,9995.0,6,trades_round_1_day_0.csv
66100,,,SQUID_INK,SEASHELLS,1957.0,8,trades_round_1_day_0.csv
66500,,,KELP,SEASHELLS,2029.0,1,trades_round_1_day_0.csv
66500,,,SQUID_INK,SEASHELLS,1953.0,1,trades_round_1_day_0.csv
66600,,,KELP,SEASHELLS,2030.0,1,trades_round_1_day_0.csv
66600,,,KELP,SEASHELLS,2030.0,9,trades_round_1_day_0.csv
66600,,,SQUID_INK,SEASHELLS,1952.0,1,trades_round_1_day_0.csv
66600,,,SQUID_INK,SEASHELLS,1952.0,9,trades_round_1_day_0.csv
66900,,,SQUID_INK,SEASHELLS,1954.0,2,trades_round_1_day_0.csv
67000,,,RAINFOREST_RESIN,SEASHELLS,10002.0,4,trades_round_1_day_0.csv
67100,,,KELP,SEASHELLS,2030.0,1,trades_round_1_day_0.csv
67100,,,RAINFOREST_RESIN,SEASHELLS,9996.0,1,trades_round_1_day_0.csv
67100,,,SQUID_INK,SEASHELLS,1954.0,1,trades_round_1_day_0.csv
67700,,,KELP,SEASHELLS,2033.0,11,trades_round_1_day_0.csv
67700,,,RAINFOREST_RESIN,SEASHELLS,10002.0,1,trades_round_1_day_0.csv
67700,,,SQUID_INK,SEASHELLS,1959.0,11,trades_round_1_day_0.csv
67900,,,KELP,SEASHELLS,2033.0,15,trades_round_1_day_0.csv
67900,,,SQUID_INK,SEASHELLS,1960.0,15,trades_round_1_day_0.csv
69200,,,KELP,SEASHELLS,2030.0,1,trades_round_1_day_0.csv
69200,,,KELP,SEASHELLS,2030.0,6,trades_round_1_day_0.csv
69200,,,SQUID_INK,SEASHELLS,1958.0,7,trades_round_1_day_0.csv
69400,,,RAINFOREST_RESIN,SEASHELLS,10002.0,4,trades_round_1_day_0.csv
69500,,,RAINFOREST_RESIN,SEASHELLS,10002.0,1,trades_round_1_day_0.csv
69500,,,RAINFOREST_RESIN,SEASHELLS,10002.0,1,trades_round_1_day_0.csv
69600,,,KELP,SEASHELLS,2030.0,1,trades_round_1_day_0.csv
69600,,,KELP,SEASHELLS,2030.0,1,trades_round_1_day_0.csv
69600,,,KELP,SEASHELLS,2030.0,6,trades_round_1_day_0.csv
69600,,,RAINFOREST_RESIN,SEASHELLS,10002.0,1,trades_round_1_day_0.csv
69600,,,SQUID_INK,SEASHELLS,1958.0,8,trades_round_1_day_0.csv
69600,,,SQUID_INK,SEASHELLS,1962.0,1,trades_round_1_day_0.csv
69800,,,KELP,SEASHELLS,2030.0,1,trades_round_1_day_0.csv
69800,,,SQUID_INK,SEASHELLS,1960.0,1,trades_round_1_day_0.csv
69900,,,KELP,SEASHELLS,2033.0,15,trades_round_1_day_0.csv
69900,,,SQUID_INK,SEASHELLS,1964.0,15,trades_round_1_day_0.csv
70200,,,SQUID_INK,SEASHELLS,1960.0,3,trades_round_1_day_0.csv
70400,,,RAINFOREST_RESIN,SEASHELLS,10002.0,5,trades_round_1_day_0.csv
70600,,,RAINFOREST_RESIN,SEASHELLS,9996.0,2,trades_round_1_day_0.csv
70700,,,KELP,SEASHELLS,2033.0,2,trades_round_1_day_0.csv
70700,,,RAINFOREST_RESIN,SEASHELLS,10002.0,2,trades_round_1_day_0.csv
70700,,,SQUID_INK,SEASHELLS,1963.0,2,trades_round_1_day_0.csv
70800,,,KELP,SEASHELLS,2030.0,1,trades_round_1_day_0.csv
70800,,,SQUID_INK,SEASHELLS,1961.0,1,trades_round_1_day_0.csv
70900,,,KELP,SEASHELLS,2033.0,1,trades_round_1_day_0.csv
70900,,,RAINFOREST_RESIN,SEASHELLS,10005.0,12,trades_round_1_day_0.csv
70900,,,RAINFOREST_RESIN,SEASHELLS,10005.0,1,trades_round_1_day_0.csv
70900,,,SQUID_INK,SEASHELLS,1964.0,1,trades_round_1_day_0.csv
71000,,,KELP,SEASHELLS,2032.0,1,trades_round_1_day_0.csv
71400,,,KELP,SEASHELLS,2029.0,1,trades_round_1_day_0.csv
71400,,,KELP,SEASHELLS,2031.0,6,trades_round_1_day_0.csv
71400,,,SQUID_INK,SEASHELLS,1961.0,1,trades_round_1_day_0.csv
71400,,,SQUID_INK,SEASHELLS,1962.0,6,trades_round_1_day_0.csv
72400,,,KELP,SEASHELLS,2028.0,9,trades_round_1_day_0.csv
72400,,,SQUID_INK,SEASHELLS,1964.0,9,trades_round_1_day_0.csv
72500,,,KELP,SEASHELLS,2032.0,1,trades_round_1_day_0.csv
72500,,,RAINFOREST_RESIN,SEASHELLS,10004.0,1,trades_round_1_day_0.csv
72500,,,SQUID_INK,SEASHELLS,1967.0,1,trades_round_1_day_0.csv
73200,,,KELP,SEASHELLS,2029.0,1,trades_round_1_day_0.csv
73200,,,KELP,SEASHELLS,2029.0,1,trades_round_1_day_0.csv
73200,,,KELP,SEASHELLS,2029.0,4,trades_round_1_day_0.csv
73200,,,SQUID_INK,SEASHELLS,1962.0,1,trades_round_1_day_0.csv
73200,,,SQUID_INK,SEASHELLS,1962.0,5,trades_round_1_day_0.csv
73400,,,RAINFOREST_RESIN,SEASHELLS,9998.0,1,trades_round_1_day_0.csv
73700,,,KELP,SEASHELLS,2031.0,1,trades_round_1_day_0.csv
73700,,,SQUID_INK,SEASHELLS,1965.0,1,trades_round_1_day_0.csv
74300,,,KELP,SEASHELLS,2031.0,1,trades_round_1_day_0.csv
74300,,,SQUID_INK,SEASHELLS,1962.0,1,trades_round_1_day_0.csv
74400,,,KELP,SEASHELLS,2031.0,1,trades_round_1_day_0.csv
74400,,,KELP,SEASHELLS,2031.0,2,trades_round_1_day_0.csv
74400,,,SQUID_INK,SEASHELLS,1962.0,1,trades_round_1_day_0.csv
74400,,,SQUID_INK,SEASHELLS,1962.0,2,trades_round_1_day_0.csv
74600,,,KELP,SEASHELLS,2029.0,1,trades_round_1_day_0.csv
74600,,,RAINFOREST_RESIN,SEASHELLS,10004.0,2,trades_round_1_day_0.csv
74600,,,SQUID_INK,SEASHELLS,1956.0,1,trades_round_1_day_0.csv
74800,,,RAINFOREST_RESIN,SEASHELLS,9998.0,2,trades_round_1_day_0.csv
74900,,,RAINFOREST_RESIN,SEASHELLS,9998.0,1,trades_round_1_day_0.csv
75300,,,SQUID_INK,SEASHELLS,1954.0,1,trades_round_1_day_0.csv
75600,,,KELP,SEASHELLS,2033.0,13,trades_round_1_day_0.csv
75600,,,SQUID_INK,SEASHELLS,1959.0,13,trades_round_1_day_0.csv
75800,,,KELP,SEASHELLS,2033.0,1,trades_round_1_day_0.csv
75800,,,RAINFOREST_RESIN,SEASHELLS,10004.0,1,trades_round_1_day_0.csv
75800,,,SQUID_INK,SEASHELLS,1963.0,1,trades_round_1_day_0.csv
76300,,,KELP,SEASHELLS,2029.0,1,trades_round_1_day_0.csv
76300,,,SQUID_INK,SEASHELLS,1961.0,1,trades_round_1_day_0.csv
76400,,,KELP,SEASHELLS,2030.0,3,trades_round_1_day_0.csv
76400,,,SQUID_INK,SEASHELLS,1962.0,3,trades_round_1_day_0.csv
76800,,,KELP,SEASHELLS,2029.0,1,trades_round_1_day_0.csv
76800,,,SQUID_INK,SEASHELLS,1961.0,1,trades_round_1_day_0.csv
76900,,,KELP,SEASHELLS,2029.0,4,trades_round_1_day_0.csv
76900,,,SQUID_INK,SEASHELLS,1961.0,4,trades_round_1_day_0.csv
77100,,,KELP,SEASHELLS,2029.0,1,trades_round_1_day_0.csv
77100,,,SQUID_INK,SEASHELLS,1963.0,1,trades_round_1_day_0.csv
77400,,,KELP,SEASHELLS,2028.0,4,trades_round_1_day_0.csv
77400,,,SQUID_INK,SEASHELLS,1966.0,4,trades_round_1_day_0.csv
77700,,,RAINFOREST_RESIN,SEASHELLS,9998.0,1,trades_round_1_day_0.csv
78000,,,KELP,SEASHELLS,2027.0,1,trades_round_1_day_0.csv
78100,,,RAINFOREST_RESIN,SEASHELLS,10002.0,1,trades_round_1_day_0.csv
78400,,,RAINFOREST_RESIN,SEASHELLS,10004.0,2,trades_round_1_day_0.csv
78400,,,RAINFOREST_RESIN,SEASHELLS,10004.0,5,trades_round_1_day_0.csv
78600,,,RAINFOREST_RESIN,SEASHELLS,9996.0,2,trades_round_1_day_0.csv
78700,,,KELP,SEASHELLS,2029.0,10,trades_round_1_day_0.csv
78700,,,SQUID_INK,SEASHELLS,1974.0,10,trades_round_1_day_0.csv
78800,,,KELP,SEASHELLS,2028.0,1,trades_round_1_day_0.csv
78800,,,SQUID_INK,SEASHELLS,1972.0,1,trades_round_1_day_0.csv
79100,,,KELP,SEASHELLS,2027.0,1,trades_round_1_day_0.csv
79100,,,SQUID_INK,SEASHELLS,1970.0,1,trades_round_1_day_0.csv
79300,,,KELP,SEASHELLS,2025.0,1,trades_round_1_day_0.csv
79300,,,RAINFOREST_RESIN,SEASHELLS,9996.0,1,trades_round_1_day_0.csv
79300,,,SQUID_INK,SEASHELLS,1968.0,1,trades_round_1_day_0.csv
79500,,,KELP,SEASHELLS,2028.0,1,trades_round_1_day_0.csv
79500,,,RAINFOREST_RESIN,SEASHELLS,10004.0,1,trades_round_1_day_0.csv
79500,,,SQUID_INK,SEASHELLS,1972.0,1,trades_round_1_day_0.csv
79800,,,KELP,SEASHELLS,2027.0,1,trades_round_1_day_0.csv
79900,,,KELP,SEASHELLS,2026.0,2,trades_round_1_day_0.csv
79900,,,RAINFOREST_RESIN,SEASHELLS,9998.0,2,trades_round_1_day_0.csv
79900,,,SQUID_INK,SEASHELLS,1969.0,2,trades_round_1_day_0.csv
80300,,,RAINFOREST_RESIN,SEASHELLS,9998.0,3,trades_round_1_day_0.csv
80400,,,KELP,SEASHELLS,2025.0,1,trades_round_1_day_0.csv
80400,,,KELP,SEASHELLS,2025.0,1,trades_round_1_day_0.csv
80400,,,KELP,SEASHELLS,2025.0,1,trades_round_1_day_0.csv
80400,,,RAINFOREST_RESIN,SEASHELLS,9998.0,1,trades_round_1_day_0.csv
80400,,,SQUID_INK,SEASHELLS,1967.0,1,trades_round_1_day_0.csv
80400,,,SQUID_INK,SEASHELLS,1967.0,2,trades_round_1_day_0.csv
80600,,,RAINFOREST_RESIN,SEASHELLS,9998.0,1,trades_round_1_day_0.csv
80700,,,KELP,SEASHELLS,2027.0,1,trades_round_1_day_0.csv
80700,,,KELP,SEASHELLS,2028.0,14,trades_round_1_day_0.csv
80700,,,RAINFOREST_RESIN,SEASHELLS,9998.0,1,trades_round_1_day_0.csv
81500,,,KELP,SEASHELLS,2026.0,1,trades_round_1_day_0.csv
81500,,,RAINFOREST_RESIN,SEASHELLS,10002.0,1,trades_round_1_day_0.csv
81500,,,SQUID_INK,SEASHELLS,1962.0,1,trades_round_1_day_0.csv
81700,,,KELP,SEASHELLS,2026.0,1,trades_round_1_day_0.csv
81700,,,SQUID_INK,SEASHELLS,1964.0,1,trades_round_1_day_0.csv
81800,,,SQUID_INK,SEASHELLS,1966.0,1,trades_round_1_day_0.csv
81900,,,KELP,SEASHELLS,2026.0,4,trades_round_1_day_0.csv
81900,,,SQUID_INK,SEASHELLS,1966.0,4,trades_round_1_day_0.csv
82000,,,KELP,SEASHELLS,2026.0,1,trades_round_1_day_0.csv
82000,,,SQUID_INK,SEASHELLS,1965.0,1,trades_round_1_day_0.csv
82100,,,KELP,SEASHELLS,2026.0,14,trades_round_1_day_0.csv
82100,,,SQUID_INK,SEASHELLS,1966.0,14,trades_round_1_day_0.csv
82200,,,RAINFOREST_RESIN,SEASHELLS,9998.0,4,trades_round_1_day_0.csv
82500,,,KELP,SEASHELLS,2028.0,1,trades_round_1_day_0.csv
82700,,,KELP,SEASHELLS,2026.0,1,trades_round_1_day_0.csv
82700,,,SQUID_INK,SEASHELLS,1962.0,1,trades_round_1_day_0.csv
83000,,,RAINFOREST_RESIN,SEASHELLS,9998.0,1,trades_round_1_day_0.csv
83400,,,KELP,SEASHELLS,2025.0,7,trades_round_1_day_0.csv
83400,,,RAINFOREST_RESIN,SEASHELLS,10002.0,1,trades_round_1_day_0.csv
83400,,,SQUID_INK,SEASHELLS,1966.0,7,trades_round_1_day_0.csv
83800,,,KELP,SEASHELLS,2029.0,1,trades_round_1_day_0.csv
83800,,,RAINFOREST_RESIN,SEASHELLS,10005.0,1,trades_round_1_day_0.csv
83800,,,SQUID_INK,SEASHELLS,1970.0,1,trades_round_1_day_0.csv
84100,,,KELP,SEASHELLS,2028.0,1,trades_round_1_day_0.csv
84100,,,RAINFOREST_RESIN,SEASHELLS,10002.0,1,trades_round_1_day_0.csv
84500,,,KELP,SEASHELLS,2027.0,1,trades_round_1_day_0.csv
84500,,,KELP,SEASHELLS,2026.0,2,trades_round_1_day_0.csv
84500,,,RAINFOREST_RESIN,SEASHELLS,9996.0,1,trades_round_1_day_0.csv
84500,,,SQUID_INK,SEASHELLS,1968.0,13,trades_round_1_day_0.csv
84500,,,SQUID_INK,SEASHELLS,1968.0,2,trades_round_1_day_0.csv
84600,,,KELP,SEASHELLS,2030.0,7,trades_round_1_day_0.csv
84600,,,SQUID_INK,SEASHELLS,1972.0,7,trades_round_1_day_0.csv
84800,,,KELP,SEASHELLS,2029.0,1,trades_round_1_day_0.csv
84800,,,RAINFOREST_RESIN,SEASHELLS,10002.0,1,trades_round_1_day_0.csv
84800,,,SQUID_INK,SEASHELLS,1972.0,1,trades_round_1_day_0.csv
85200,,,KELP,SEASHELLS,2029.0,1,trades_round_1_day_0.csv
85200,,,RAINFOREST_RESIN,SEASHELLS,10002.0,1,trades_round_1_day_0.csv
85200,,,SQUID_INK,SEASHELLS,1971.0,1,trades_round_1_day_0.csv
85400,,,KELP,SEASHELLS,2029.0,1,trades_round_1_day_0.csv
85400,,,SQUID_INK,SEASHELLS,1972.0,1,trades_round_1_day_0.csv
85500,,,RAINFOREST_RESIN,SEASHELLS,9998.0,7,trades_round_1_day_0.csv
85600,,,RAINFOREST_RESIN,SEASHELLS,9996.0,2,trades_round_1_day_0.csv
85800,,,RAINFOREST_RESIN,SEASHELLS,10002.0,1,trades_round_1_day_0.csv
85900,,,RAINFOREST_RESIN,SEASHELLS,9996.0,1,trades_round_1_day_0.csv
86200,,,RAINFOREST_RESIN,SEASHELLS,9998.0,2,trades_round_1_day_0.csv
86600,,,KELP,SEASHELLS,2028.0,1,trades_round_1_day_0.csv
86600,,,SQUID_INK,SEASHELLS,1968.0,1,trades_round_1_day_0.csv
86900,,,KELP,SEASHELLS,2029.0,1,trades_round_1_day_0.csv
86900,,,SQUID_INK,SEASHELLS,1969.0,1,trades_round_1_day_0.csv
86900,,,SQUID_INK,SEASHELLS,1968.0,1,trades_round_1_day_0.csv
87100,,,KELP,SEASHELLS,2028.0,5,trades_round_1_day_0.csv
87100,,,RAINFOREST_RESIN,SEASHELLS,9998.0,1,trades_round_1_day_0.csv
87100,,,SQUID_INK,SEASHELLS,1965.0,5,trades_round_1_day_0.csv
87200,,,KELP,SEASHELLS,2027.0,7,trades_round_1_day_0.csv
87200,,,SQUID_INK,SEASHELLS,1964.0,7,trades_round_1_day_0.csv
87300,,,KELP,SEASHELLS,2029.0,1,trades_round_1_day_0.csv
87300,,,SQUID_INK,SEASHELLS,1965.0,1,trades_round_1_day_0.csv
87500,,,KELP,SEASHELLS,2029.0,1,trades_round_1_day_0.csv
87500,,,SQUID_INK,SEASHELLS,1964.0,1,trades_round_1_day_0.csv
87900,,,SQUID_INK,SEASHELLS,1963.0,1,trades_round_1_day_0.csv
88500,,,RAINFOREST_RESIN,SEASHELLS,10002.0,1,trades_round_1_day_0.csv
88600,,,RAINFOREST_RESIN,SEASHELLS,10002.0,1,trades_round_1_day_0.csv
88700,,,RAINFOREST_RESIN,SEASHELLS,9995.0,8,trades_round_1_day_0.csv
88800,,,KELP,SEASHELLS,2028.0,4,trades_round_1_day_0.csv
88900,,,RAINFOREST_RESIN,SEASHELLS,10002.0,1,trades_round_1_day_0.csv
88900,,,RAINFOREST_RESIN,SEASHELLS,10002.0,4,trades_round_1_day_0.csv
89100,,,KELP,SEASHELLS,2031.0,2,trades_round_1_day_0.csv
89100,,,RAINFOREST_RESIN,SEASHELLS,10005.0,2,trades_round_1_day_0.csv
89100,,,SQUID_INK,SEASHELLS,1966.0,2,trades_round_1_day_0.csv
89300,,,KELP,SEASHELLS,2028.0,2,trades_round_1_day_0.csv
89300,,,RAINFOREST_RESIN,SEASHELLS,9996.0,2,trades_round_1_day_0.csv
89300,,,SQUID_INK,SEASHELLS,1965.0,2,trades_round_1_day_0.csv
89500,,,KELP,SEASHELLS,2030.0,1,trades_round_1_day_0.csv
89500,,,SQUID_INK,SEASHELLS,1967.0,1,trades_round_1_day_0.csv
89800,,,KELP,SEASHELLS,2031.0,2,trades_round_1_day_0.csv
89800,,,RAINFOREST_RESIN,SEASHELLS,9998.0,1,trades_round_1_day_0.csv
89800,,,RAINFOREST_RESIN,SEASHELLS,10004.0,1,trades_round_1_day_0.csv
89800,,,RAINFOREST_RESIN,SEASHELLS,10005.0,2,trades_round_1_day_0.csv
89800,,,SQUID_INK,SEASHELLS,1966.0,2,trades_round_1_day_0.csv
90200,,,RAINFOREST_RESIN,SEASHELLS,9998.0,1,trades_round_1_day_0.csv
90200,,,RAINFOREST_RESIN,SEASHELLS,9998.0,2,trades_round_1_day_0.csv
90400,,,RAINFOREST_RESIN,SEASHELLS,9996.0,1,trades_round_1_day_0.csv
90800,,,KELP,SEASHELLS,2028.0,2,trades_round_1_day_0.csv
90800,,,KELP,SEASHELLS,2028.0,3,trades_round_1_day_0.csv
90800,,,SQUID_INK,SEASHELLS,1965.0,4,trades_round_1_day_0.csv
90800,,,SQUID_INK,SEASHELLS,1965.0,1,trades_round_1_day_0.csv
91200,,,KELP,SEASHELLS,2030.0,1,trades_round_1_day_0.csv
91200,,,KELP,SEASHELLS,2029.0,2,trades_round_1_day_0.csv
91200,,,RAINFOREST_RESIN,SEASHELLS,10002.0,1,trades_round_1_day_0.csv
91200,,,SQUID_INK,SEASHELLS,1967.0,1,trades_round_1_day_0.csv
91200,,,SQUID_INK,SEASHELLS,1966.0,2,trades_round_1_day_0.csv
91300,,,RAINFOREST_RESIN,SEASHELLS,9998.0,1,trades_round_1_day_0.csv
91300,,,RAINFOREST_RESIN,SEASHELLS,9998.0,7,trades_round_1_day_0.csv
91300,,,RAINFOREST_RESIN,SEASHELLS,9998.0,0,trades_round_1_day_0.csv
91300,,,RAINFOREST_RESIN,SEASHELLS,9998.0,2,trades_round_1_day_0.csv
91400,,,SQUID_INK,SEASHELLS,1965.0,1,trades_round_1_day_0.csv
91600,,,KELP,SEASHELLS,2028.0,1,trades_round_1_day_0.csv
91600,,,RAINFOREST_RESIN,SEASHELLS,9998.0,1,trades_round_1_day_0.csv
91600,,,SQUID_INK,SEASHELLS,1965.0,1,trades_round_1_day_0.csv
91800,,,RAINFOREST_RESIN,SEASHELLS,9998.0,3,trades_round_1_day_0.csv
91900,,,RAINFOREST_RESIN,SEASHELLS,9998.0,1,trades_round_1_day_0.csv
92400,,,KELP,SEASHELLS,2029.0,1,trades_round_1_day_0.csv
92400,,,SQUID_INK,SEASHELLS,1963.0,1,trades_round_1_day_0.csv
92900,,,KELP,SEASHELLS,2026.0,8,trades_round_1_day_0.csv
92900,,,SQUID_INK,SEASHELLS,1964.0,8,trades_round_1_day_0.csv
93200,,,KELP,SEASHELLS,2030.0,2,trades_round_1_day_0.csv
93200,,,RAINFOREST_RESIN,SEASHELLS,10004.0,2,trades_round_1_day_0.csv
93200,,,RAINFOREST_RESIN,SEASHELLS,10005.0,2,trades_round_1_day_0.csv
93200,,,RAINFOREST_RESIN,SEASHELLS,10004.0,10,trades_round_1_day_0.csv
93200,,,RAINFOREST_RESIN,SEASHELLS,10002.0,3,trades_round_1_day_0.csv
93200,,,SQUID_INK,SEASHELLS,1968.0,2,trades_round_1_day_0.csv
93300,,,RAINFOREST_RESIN,SEASHELLS,10002.0,1,trades_round_1_day_0.csv
93700,,,KELP,SEASHELLS,2029.0,1,trades_round_1_day_0.csv
93700,,,SQUID_INK,SEASHELLS,1968.0,1,trades_round_1_day_0.csv
94000,,,KELP,SEASHELLS,2029.0,1,trades_round_1_day_0.csv
94000,,,SQUID_INK,SEASHELLS,1969.0,1,trades_round_1_day_0.csv
94400,,,KELP,SEASHELLS,2027.0,9,trades_round_1_day_0.csv
94400,,,RAINFOREST_RESIN,SEASHELLS,9998.0,1,trades_round_1_day_0.csv
94400,,,SQUID_INK,SEASHELLS,1968.0,9,trades_round_1_day_0.csv
94700,,,KELP,SEASHELLS,2030.0,10,trades_round_1_day_0.csv
94700,,,KELP,SEASHELLS,2030.0,10,trades_round_1_day_0.csv
94700,,,KELP,SEASHELLS,2030.0,4,trades_round_1_day_0.csv
94700,,,SQUID_INK,SEASHELLS,1970.0,10,trades_round_1_day_0.csv
94700,,,SQUID_INK,SEASHELLS,1970.0,10,trades_round_1_day_0.csv
94700,,,SQUID_INK,SEASHELLS,1970.0,4,trades_round_1_day_0.csv
95500,,,RAINFOREST_RESIN,SEASHELLS,9998.0,1,trades_round_1_day_0.csv
95700,,,RAINFOREST_RESIN,SEASHELLS,9998.0,1,trades_round_1_day_0.csv
95800,,,KELP,SEASHELLS,2028.0,2,trades_round_1_day_0.csv
95800,,,RAINFOREST_RESIN,SEASHELLS,9996.0,2,trades_round_1_day_0.csv
95800,,,RAINFOREST_RESIN,SEASHELLS,9998.0,1,trades_round_1_day_0.csv
95800,,,SQUID_INK,SEASHELLS,1970.0,2,trades_round_1_day_0.csv
96600,,,KELP,SEASHELLS,2028.0,1,trades_round_1_day_0.csv
96600,,,RAINFOREST_RESIN,SEASHELLS,10002.0,1,trades_round_1_day_0.csv
96600,,,SQUID_INK,SEASHELLS,1970.0,1,trades_round_1_day_0.csv
96900,,,KELP,SEASHELLS,2030.0,1,trades_round_1_day_0.csv
96900,,,SQUID_INK,SEASHELLS,1975.0,1,trades_round_1_day_0.csv
97100,,,KELP,SEASHELLS,2030.0,4,trades_round_1_day_0.csv
97100,,,KELP,SEASHELLS,2030.0,1,trades_round_1_day_0.csv
97100,,,RAINFOREST_RESIN,SEASHELLS,10004.0,1,trades_round_1_day_0.csv
97100,,,SQUID_INK,SEASHELLS,1974.0,4,trades_round_1_day_0.csv
97100,,,SQUID_INK,SEASHELLS,1974.0,1,trades_round_1_day_0.csv
97200,,,KELP,SEASHELLS,2028.0,14,trades_round_1_day_0.csv
97200,,,SQUID_INK,SEASHELLS,1971.0,14,trades_round_1_day_0.csv
97800,,,KELP,SEASHELLS,2031.0,1,trades_round_1_day_0.csv
97800,,,RAINFOREST_RESIN,SEASHELLS,10005.0,1,trades_round_1_day_0.csv
97800,,,SQUID_INK,SEASHELLS,1975.0,1,trades_round_1_day_0.csv
98700,,,KELP,SEASHELLS,2030.0,2,trades_round_1_day_0.csv
98700,,,RAINFOREST_RESIN,SEASHELLS,10004.0,2,trades_round_1_day_0.csv
98700,,,SQUID_INK,SEASHELLS,1972.0,2,trades_round_1_day_0.csv
98800,,,KELP,SEASHELLS,2028.0,2,trades_round_1_day_0.csv
98800,,,RAINFOREST_RESIN,SEASHELLS,9996.0,1,trades_round_1_day_0.csv
98800,,,RAINFOREST_RESIN,SEASHELLS,9996.0,1,trades_round_1_day_0.csv
98800,,,RAINFOREST_RESIN,SEASHELLS,9998.0,1,trades_round_1_day_0.csv
98800,,,SQUID_INK,SEASHELLS,1970.0,2,trades_round_1_day_0.csv
99300,,,KELP,SEASHELLS,2028.0,3,trades_round_1_day_0.csv
99400,,,KELP,SEASHELLS,2030.0,1,trades_round_1_day_0.csv
99400,,,SQUID_INK,SEASHELLS,1964.0,1,trades_round_1_day_0.csv
99800,,,KELP,SEASHELLS,2028.0,3,trades_round_1_day_0.csv
99800,,,KELP,SEASHELLS,2028.0,1,trades_round_1_day_0.csv
99800,,,RAINFOREST_RESIN,SEASHELLS,9998.0,1,trades_round_1_day_0.csv
99800,,,SQUID_INK,SEASHELLS,1967.0,3,trades_round_1_day_0.csv
99800,,,SQUID_INK,SEASHELLS,1967.0,1,trades_round_1_day_0.csv
100100,,,KELP,SEASHELLS,2028.0,1,trades_round_1_day_0.csv
100100,,,SQUID_INK,SEASHELLS,1967.0,1,trades_round_1_day_0.csv
100400,,,KELP,SEASHELLS,2028.0,1,trades_round_1_day_0.csv
100400,,,RAINFOREST_RESIN,SEASHELLS,9998.0,1,trades_round_1_day_0.csv
100400,,,SQUID_INK,SEASHELLS,1967.0,1,trades_round_1_day_0.csv
100600,,,KELP,SEASHELLS,2030.0,1,trades_round_1_day_0.csv
100600,,,RAINFOREST_RESIN,SEASHELLS,9998.0,1,trades_round_1_day_0.csv
100600,,,SQUID_INK,SEASHELLS,1969.0,1,trades_round_1_day_0.csv
100900,,,RAINFOREST_RESIN,SEASHELLS,10002.0,1,trades_round_1_day_0.csv
101100,,,SQUID_INK,SEASHELLS,1968.0,1,trades_round_1_day_0.csv
101700,,,KELP,SEASHELLS,2029.0,1,trades_round_1_day_0.csv
101700,,,RAINFOREST_RESIN,SEASHELLS,10002.0,1,trades_round_1_day_0.csv
101700,,,SQUID_INK,SEASHELLS,1969.0,1,trades_round_1_day_0.csv
101900,,,KELP,SEASHELLS,2029.0,8,trades_round_1_day_0.csv
101900,,,KELP,SEASHELLS,2032.0,14,trades_round_1_day_0.csv
101900,,,SQUID_INK,SEASHELLS,1971.0,8,trades_round_1_day_0.csv
102300,,,KELP,SEASHELLS,2029.0,1,trades_round_1_day_0.csv
102300,,,KELP,SEASHELLS,2031.0,1,trades_round_1_day_0.csv
102300,,,RAINFOREST_RESIN,SEASHELLS,10005.0,1,trades_round_1_day_0.csv
102300,,,SQUID_INK,SEASHELLS,1971.0,1,trades_round_1_day_0.csv
102300,,,SQUID_INK,SEASHELLS,1973.0,1,trades_round_1_day_0.csv
102400,,,KELP,SEASHELLS,2029.0,5,trades_round_1_day_0.csv
102400,,,SQUID_INK,SEASHELLS,1971.0,5,trades_round_1_day_0.csv
102600,,,KELP,SEASHELLS,2029.0,14,trades_round_1_day_0.csv
102600,,,RAINFOREST_RESIN,SEASHELLS,9998.0,1,trades_round_1_day_0.csv
102600,,,SQUID_INK,SEASHELLS,1970.0,14,trades_round_1_day_0.csv
102900,,,KELP,SEASHELLS,2031.0,1,trades_round_1_day_0.csv
102900,,,SQUID_INK,SEASHELLS,1972.0,1,trades_round_1_day_0.csv
103100,,,KELP,SEASHELLS,2030.0,6,trades_round_1_day_0.csv
103100,,,SQUID_INK,SEASHELLS,1970.0,6,trades_round_1_day_0.csv
103700,,,RAINFOREST_RESIN,SEASHELLS,9998.0,1,trades_round_1_day_0.csv
103900,,,RAINFOREST_RESIN,SEASHELLS,9998.0,1,trades_round_1_day_0.csv
104000,,,RAINFOREST_RESIN,SEASHELLS,9998.0,2,trades_round_1_day_0.csv
104800,,,RAINFOREST_RESIN,SEASHELLS,9998.0,2,trades_round_1_day_0.csv
105000,,,RAINFOREST_RESIN,SEASHELLS,9995.0,5,trades_round_1_day_0.csv
105500,,,KELP,SEASHELLS,2029.0,1,trades_round_1_day_0.csv
105500,,,SQUID_INK,SEASHELLS,1967.0,1,trades_round_1_day_0.csv
105700,,,RAINFOREST_RESIN,SEASHELLS,9998.0,3,trades_round_1_day_0.csv
105800,,,KELP,SEASHELLS,2030.0,5,trades_round_1_day_0.csv
105800,,,SQUID_INK,SEASHELLS,1965.0,5,trades_round_1_day_0.csv
106100,,,RAINFOREST_RESIN,SEASHELLS,10002.0,1,trades_round_1_day_0.csv
106300,,,KELP,SEASHELLS,2029.0,1,trades_round_1_day_0.csv
106400,,,KELP,SEASHELLS,2029.0,1,trades_round_1_day_0.csv
106400,,,KELP,SEASHELLS,2029.0,12,trades_round_1_day_0.csv
106400,,,SQUID_INK,SEASHELLS,1960.0,12,trades_round_1_day_0.csv
106400,,,SQUID_INK,SEASHELLS,1961.0,1,trades_round_1_day_0.csv
106500,,,KELP,SEASHELLS,2032.0,1,trades_round_1_day_0.csv
106500,,,RAINFOREST_RESIN,SEASHELLS,10005.0,1,trades_round_1_day_0.csv
106500,,,SQUID_INK,SEASHELLS,1964.0,1,trades_round_1_day_0.csv
106800,,,KELP,SEASHELLS,2028.0,1,trades_round_1_day_0.csv
106800,,,RAINFOREST_RESIN,SEASHELLS,9998.0,1,trades_round_1_day_0.csv
106800,,,SQUID_INK,SEASHELLS,1962.0,1,trades_round_1_day_0.csv
107000,,,KELP,SEASHELLS,2029.0,1,trades_round_1_day_0.csv
107000,,,SQUID_INK,SEASHELLS,1961.0,1,trades_round_1_day_0.csv
107600,,,KELP,SEASHELLS,2029.0,1,trades_round_1_day_0.csv
107600,,,SQUID_INK,SEASHELLS,1959.0,1,trades_round_1_day_0.csv
107800,,,KELP,SEASHELLS,2029.0,1,trades_round_1_day_0.csv
107800,,,RAINFOREST_RESIN,SEASHELLS,9996.0,1,trades_round_1_day_0.csv
107800,,,SQUID_INK,SEASHELLS,1959.0,1,trades_round_1_day_0.csv
107900,,,KELP,SEASHELLS,2031.0,1,trades_round_1_day_0.csv
107900,,,SQUID_INK,SEASHELLS,1962.0,1,trades_round_1_day_0.csv
108000,,,KELP,SEASHELLS,2029.0,5,trades_round_1_day_0.csv
108000,,,SQUID_INK,SEASHELLS,1960.0,5,trades_round_1_day_0.csv
108300,,,KELP,SEASHELLS,2029.0,1,trades_round_1_day_0.csv
108300,,,RAINFOREST_RESIN,SEASHELLS,9998.0,1,trades_round_1_day_0.csv
108300,,,SQUID_INK,SEASHELLS,1959.0,1,trades_round_1_day_0.csv
108600,,,RAINFOREST_RESIN,SEASHELLS,9998.0,4,trades_round_1_day_0.csv
108600,,,RAINFOREST_RESIN,SEASHELLS,9998.0,1,trades_round_1_day_0.csv
108800,,,KELP,SEASHELLS,2032.0,2,trades_round_1_day_0.csv
108800,,,KELP,SEASHELLS,2031.0,1,trades_round_1_day_0.csv
108800,,,RAINFOREST_RESIN,SEASHELLS,10004.0,2,trades_round_1_day_0.csv
108800,,,SQUID_INK,SEASHELLS,1965.0,2,trades_round_1_day_0.csv
108800,,,SQUID_INK,SEASHELLS,1964.0,1,trades_round_1_day_0.csv
108900,,,RAINFOREST_RESIN,SEASHELLS,9996.0,1,trades_round_1_day_0.csv
108900,,,RAINFOREST_RESIN,SEASHELLS,9996.0,5,trades_round_1_day_0.csv
109000,,,KELP,SEASHELLS,2029.0,1,trades_round_1_day_0.csv
109000,,,SQUID_INK,SEASHELLS,1963.0,9,trades_round_1_day_0.csv
109100,,,KELP,SEASHELLS,2030.0,5,trades_round_1_day_0.csv
109100,,,SQUID_INK,SEASHELLS,1966.0,5,trades_round_1_day_0.csv
109200,,,SQUID_INK,SEASHELLS,1966.0,9,trades_round_1_day_0.csv
109400,,,SQUID_INK,SEASHELLS,1965.0,1,trades_round_1_day_0.csv
109600,,,KELP,SEASHELLS,2028.0,1,trades_round_1_day_0.csv
109600,,,SQUID_INK,SEASHELLS,1963.0,1,trades_round_1_day_0.csv
109700,,,KELP,SEASHELLS,2031.0,1,trades_round_1_day_0.csv
109700,,,RAINFOREST_RESIN,SEASHELLS,10004.0,1,trades_round_1_day_0.csv
109700,,,SQUID_INK,SEASHELLS,1966.0,1,trades_round_1_day_0.csv
110200,,,KELP,SEASHELLS,2028.0,1,trades_round_1_day_0.csv
110500,,,KELP,SEASHELLS,2028.0,9,trades_round_1_day_0.csv
110500,,,SQUID_INK,SEASHELLS,1961.0,9,trades_round_1_day_0.csv
110600,,,RAINFOREST_RESIN,SEASHELLS,9998.0,1,trades_round_1_day_0.csv
110700,,,RAINFOREST_RESIN,SEASHELLS,10002.0,1,trades_round_1_day_0.csv
111000,,,SQUID_INK,SEASHELLS,1963.0,7,trades_round_1_day_0.csv
111100,,,KELP,SEASHELLS,2027.0,1,trades_round_1_day_0.csv
111100,,,SQUID_INK,SEASHELLS,1960.0,1,trades_round_1_day_0.csv
111200,,,KELP,SEASHELLS,2028.0,1,trades_round_1_day_0.csv
111200,,,SQUID_INK,SEASHELLS,1960.0,1,trades_round_1_day_0.csv
111300,,,KELP,SEASHELLS,2027.0,1,trades_round_1_day_0.csv
111300,,,SQUID_INK,SEASHELLS,1959.0,1,trades_round_1_day_0.csv
111800,,,KELP,SEASHELLS,2031.0,1,trades_round_1_day_0.csv
111800,,,RAINFOREST_RESIN,SEASHELLS,10004.0,1,trades_round_1_day_0.csv
111800,,,SQUID_INK,SEASHELLS,1958.0,1,trades_round_1_day_0.csv
112000,,,KELP,SEASHELLS,2029.0,2,trades_round_1_day_0.csv
112300,,,KELP,SEASHELLS,2028.0,1,trades_round_1_day_0.csv
112300,,,SQUID_INK,SEASHELLS,1957.0,1,trades_round_1_day_0.csv
113500,,,KELP,SEASHELLS,2030.0,1,trades_round_1_day_0.csv
113500,,,SQUID_INK,SEASHELLS,1959.0,1,trades_round_1_day_0.csv
113900,,,RAINFOREST_RESIN,SEASHELLS,10002.0,1,trades_round_1_day_0.csv
114300,,,KELP,SEASHELLS,2030.0,1,trades_round_1_day_0.csv
114300,,,RAINFOREST_RESIN,SEASHELLS,10004.0,1,trades_round_1_day_0.csv
114300,,,SQUID_INK,SEASHELLS,1958.0,1,trades_round_1_day_0.csv
114500,,,KELP,SEASHELLS,2028.0,1,trades_round_1_day_0.csv
114500,,,RAINFOREST_RESIN,SEASHELLS,9996.0,2,trades_round_1_day_0.csv
114500,,,RAINFOREST_RESIN,SEASHELLS,9996.0,9,trades_round_1_day_0.csv
114500,,,SQUID_INK,SEASHELLS,1958.0,1,trades_round_1_day_0.csv
114600,,,KELP,SEASHELLS,2032.0,4,trades_round_1_day_0.csv
114600,,,SQUID_INK,SEASHELLS,1960.0,4,trades_round_1_day_0.csv
115100,,,KELP,SEASHELLS,2028.0,1,trades_round_1_day_0.csv
115100,,,SQUID_INK,SEASHELLS,1958.0,1,trades_round_1_day_0.csv
115100,,,SQUID_INK,SEASHELLS,1960.0,7,trades_round_1_day_0.csv
116100,,,KELP,SEASHELLS,2031.0,1,trades_round_1_day_0.csv
116100,,,RAINFOREST_RESIN,SEASHELLS,10005.0,1,trades_round_1_day_0.csv
116100,,,SQUID_INK,SEASHELLS,1958.0,1,trades_round_1_day_0.csv
116300,,,RAINFOREST_RESIN,SEASHELLS,9996.0,2,trades_round_1_day_0.csv
116400,,,KELP,SEASHELLS,2032.0,2,trades_round_1_day_0.csv
116400,,,RAINFOREST_RESIN,SEASHELLS,9998.0,1,trades_round_1_day_0.csv
116400,,,SQUID_INK,SEASHELLS,1959.0,2,trades_round_1_day_0.csv
116600,,,KELP,SEASHELLS,2029.0,3,trades_round_1_day_0.csv
116600,,,KELP,SEASHELLS,2029.0,1,trades_round_1_day_0.csv
116600,,,KELP,SEASHELLS,2029.0,0,trades_round_1_day_0.csv
116600,,,KELP,SEASHELLS,2029.0,8,trades_round_1_day_0.csv
116600,,,SQUID_INK,SEASHELLS,1956.0,3,trades_round_1_day_0.csv
116600,,,SQUID_INK,SEASHELLS,1956.0,1,trades_round_1_day_0.csv
116600,,,SQUID_INK,SEASHELLS,1956.0,0,trades_round_1_day_0.csv
116600,,,SQUID_INK,SEASHELLS,1956.0,8,trades_round_1_day_0.csv
116800,,,KELP,SEASHELLS,2028.0,2,trades_round_1_day_0.csv
116800,,,RAINFOREST_RESIN,SEASHELLS,9995.0,2,trades_round_1_day_0.csv
116800,,,SQUID_INK,SEASHELLS,1958.0,2,trades_round_1_day_0.csv
116900,,,KELP,SEASHELLS,2029.0,4,trades_round_1_day_0.csv
116900,,,SQUID_INK,SEASHELLS,1959.0,4,trades_round_1_day_0.csv
117100,,,KELP,SEASHELLS,2030.0,1,trades_round_1_day_0.csv
117100,,,SQUID_INK,SEASHELLS,1958.0,1,trades_round_1_day_0.csv
117300,,,KELP,SEASHELLS,2030.0,1,trades_round_1_day_0.csv
117300,,,KELP,SEASHELLS,2028.0,8,trades_round_1_day_0.csv
117300,,,SQUID_INK,SEASHELLS,1959.0,1,trades_round_1_day_0.csv
117300,,,SQUID_INK,SEASHELLS,1957.0,8,trades_round_1_day_0.csv
117500,,,RAINFOREST_RESIN,SEASHELLS,10002.0,2,trades_round_1_day_0.csv
117800,,,KELP,SEASHELLS,2028.0,3,trades_round_1_day_0.csv
117800,,,SQUID_INK,SEASHELLS,1952.0,3,trades_round_1_day_0.csv
117900,,,RAINFOREST_RESIN,SEASHELLS,9998.0,1,trades_round_1_day_0.csv
118100,,,KELP,SEASHELLS,2030.0,1,trades_round_1_day_0.csv
118100,,,RAINFOREST_RESIN,SEASHELLS,10005.0,2,trades_round_1_day_0.csv
118100,,,SQUID_INK,SEASHELLS,1953.0,1,trades_round_1_day_0.csv
118200,,,KELP,SEASHELLS,2031.0,2,trades_round_1_day_0.csv
118200,,,RAINFOREST_RESIN,SEASHELLS,10002.0,2,trades_round_1_day_0.csv
118200,,,SQUID_INK,SEASHELLS,1953.0,2,trades_round_1_day_0.csv
118300,,,KELP,SEASHELLS,2027.0,4,trades_round_1_day_0.csv
118300,,,RAINFOREST_RESIN,SEASHELLS,10002.0,3,trades_round_1_day_0.csv
118300,,,SQUID_INK,SEASHELLS,1949.0,1,trades_round_1_day_0.csv
118300,,,SQUID_INK,SEASHELLS,1949.0,4,trades_round_1_day_0.csv
119000,,,RAINFOREST_RESIN,SEASHELLS,9996.0,1,trades_round_1_day_0.csv
119000,,,RAINFOREST_RESIN,SEASHELLS,9996.0,4,trades_round_1_day_0.csv
119000,,,RAINFOREST_RESIN,SEASHELLS,9998.0,1,trades_round_1_day_0.csv
119100,,,RAINFOREST_RESIN,SEASHELLS,10002.0,1,trades_round_1_day_0.csv
119200,,,KELP,SEASHELLS,2028.0,2,trades_round_1_day_0.csv
119200,,,RAINFOREST_RESIN,SEASHELLS,9996.0,1,trades_round_1_day_0.csv
119200,,,RAINFOREST_RESIN,SEASHELLS,9996.0,1,trades_round_1_day_0.csv
119200,,,SQUID_INK,SEASHELLS,1950.0,2,trades_round_1_day_0.csv
119800,,,KELP,SEASHELLS,2028.0,1,trades_round_1_day_0.csv
119800,,,SQUID_INK,SEASHELLS,1952.0,1,trades_round_1_day_0.csv
119900,,,KELP,SEASHELLS,2030.0,1,trades_round_1_day_0.csv
119900,,,SQUID_INK,SEASHELLS,1953.0,1,trades_round_1_day_0.csv
120100,,,KELP,SEASHELLS,2029.0,4,trades_round_1_day_0.csv
120100,,,SQUID_INK,SEASHELLS,1953.0,4,trades_round_1_day_0.csv
120100,,,SQUID_INK,SEASHELLS,1953.0,6,trades_round_1_day_0.csv
120200,,,KELP,SEASHELLS,2028.0,1,trades_round_1_day_0.csv
120200,,,RAINFOREST_RESIN,SEASHELLS,10002.0,1,trades_round_1_day_0.csv
120200,,,SQUID_INK,SEASHELLS,1950.0,1,trades_round_1_day_0.csv
120900,,,KELP,SEASHELLS,2028.0,9,trades_round_1_day_0.csv
120900,,,RAINFOREST_RESIN,SEASHELLS,10002.0,2,trades_round_1_day_0.csv
120900,,,SQUID_INK,SEASHELLS,1949.0,9,trades_round_1_day_0.csv
121000,,,KELP,SEASHELLS,2031.0,1,trades_round_1_day_0.csv
121000,,,RAINFOREST_RESIN,SEASHELLS,10004.0,1,trades_round_1_day_0.csv
121000,,,SQUID_INK,SEASHELLS,1952.0,1,trades_round_1_day_0.csv
121300,,,KELP,SEASHELLS,2028.0,1,trades_round_1_day_0.csv
121300,,,KELP,SEASHELLS,2031.0,13,trades_round_1_day_0.csv
121300,,,RAINFOREST_RESIN,SEASHELLS,10004.0,1,trades_round_1_day_0.csv
121300,,,SQUID_INK,SEASHELLS,1950.0,1,trades_round_1_day_0.csv
121300,,,SQUID_INK,SEASHELLS,1953.0,13,trades_round_1_day_0.csv
121600,,,KELP,SEASHELLS,2031.0,2,trades_round_1_day_0.csv
121600,,,KELP,SEASHELLS,2030.0,1,trades_round_1_day_0.csv
121600,,,RAINFOREST_RESIN,SEASHELLS,10002.0,2,trades_round_1_day_0.csv
121600,,,SQUID_INK,SEASHELLS,1956.0,2,trades_round_1_day_0.csv
121600,,,SQUID_INK,SEASHELLS,1955.0,1,trades_round_1_day_0.csv
121700,,,KELP,SEASHELLS,2030.0,1,trades_round_1_day_0.csv
121700,,,SQUID_INK,SEASHELLS,1954.0,1,trades_round_1_day_0.csv
121800,,,KELP,SEASHELLS,2028.0,1,trades_round_1_day_0.csv
121800,,,RAINFOREST_RESIN,SEASHELLS,9995.0,1,trades_round_1_day_0.csv
121800,,,SQUID_INK,SEASHELLS,1952.0,1,trades_round_1_day_0.csv
122200,,,KELP,SEASHELLS,2028.0,1,trades_round_1_day_0.csv
122200,,,RAINFOREST_RESIN,SEASHELLS,9996.0,1,trades_round_1_day_0.csv
122200,,,SQUID_INK,SEASHELLS,1949.0,1,trades_round_1_day_0.csv
122500,,,KELP,SEASHELLS,2031.0,2,trades_round_1_day_0.csv
122500,,,RAINFOREST_RESIN,SEASHELLS,10002.0,6,trades_round_1_day_0.csv
122500,,,RAINFOREST_RESIN,SEASHELLS,10004.0,2,trades_round_1_day_0.csv
122500,,,RAINFOREST_RESIN,SEASHELLS,10002.0,2,trades_round_1_day_0.csv
122500,,,SQUID_INK,SEASHELLS,1951.0,2,trades_round_1_day_0.csv
122600,,,RAINFOREST_RESIN,SEASHELLS,9998.0,4,trades_round_1_day_0.csv
122700,,,RAINFOREST_RESIN,SEASHELLS,10002.0,5,trades_round_1_day_0.csv
122800,,,KELP,SEASHELLS,2028.0,1,trades_round_1_day_0.csv
122800,,,SQUID_INK,SEASHELLS,1949.0,1,trades_round_1_day_0.csv
123100,,,RAINFOREST_RESIN,SEASHELLS,10002.0,1,trades_round_1_day_0.csv
123200,,,KELP,SEASHELLS,2030.0,1,trades_round_1_day_0.csv
123200,,,KELP,SEASHELLS,2030.0,3,trades_round_1_day_0.csv
123200,,,SQUID_INK,SEASHELLS,1955.0,1,trades_round_1_day_0.csv
123200,,,SQUID_INK,SEASHELLS,1955.0,3,trades_round_1_day_0.csv
123500,,,KELP,SEASHELLS,2028.0,1,trades_round_1_day_0.csv
123500,,,RAINFOREST_RESIN,SEASHELLS,9998.0,2,trades_round_1_day_0.csv
123500,,,SQUID_INK,SEASHELLS,1952.0,1,trades_round_1_day_0.csv
123700,,,KELP,SEASHELLS,2028.0,1,trades_round_1_day_0.csv
123700,,,RAINFOREST_RESIN,SEASHELLS,9996.0,1,trades_round_1_day_0.csv
123700,,,SQUID_INK,SEASHELLS,1952.0,1,trades_round_1_day_0.csv
123900,,,KELP,SEASHELLS,2028.0,1,trades_round_1_day_0.csv
123900,,,RAINFOREST_RESIN,SEASHELLS,9998.0,1,trades_round_1_day_0.csv
123900,,,SQUID_INK,SEASHELLS,1952.0,1,trades_round_1_day_0.csv
124000,,,RAINFOREST_RESIN,SEASHELLS,10002.0,1,trades_round_1_day_0.csv
124200,,,RAINFOREST_RESIN,SEASHELLS,9998.0,5,trades_round_1_day_0.csv
125200,,,KELP,SEASHELLS,2030.0,1,trades_round_1_day_0.csv
125200,,,SQUID_INK,SEASHELLS,1958.0,1,trades_round_1_day_0.csv
125400,,,KELP,SEASHELLS,2031.0,1,trades_round_1_day_0.csv
125400,,,RAINFOREST_RESIN,SEASHELLS,10004.0,1,trades_round_1_day_0.csv
125400,,,SQUID_INK,SEASHELLS,1958.0,1,trades_round_1_day_0.csv
125900,,,KELP,SEASHELLS,2028.0,1,trades_round_1_day_0.csv
125900,,,RAINFOREST_RESIN,SEASHELLS,9998.0,1,trades_round_1_day_0.csv
125900,,,SQUID_INK,SEASHELLS,1954.0,1,trades_round_1_day_0.csv
126200,,,KELP,SEASHELLS,2028.0,1,trades_round_1_day_0.csv
126200,,,SQUID_INK,SEASHELLS,1956.0,1,trades_round_1_day_0.csv
126400,,,KELP,SEASHELLS,2031.0,2,trades_round_1_day_0.csv
126400,,,RAINFOREST_RESIN,SEASHELLS,9998.0,2,trades_round_1_day_0.csv
126400,,,SQUID_INK,SEASHELLS,1960.0,2,trades_round_1_day_0.csv
126600,,,KELP,SEASHELLS,2028.0,1,trades_round_1_day_0.csv
126600,,,SQUID_INK,SEASHELLS,1955.0,1,trades_round_1_day_0.csv
126700,,,RAINFOREST_RESIN,SEASHELLS,9998.0,1,trades_round_1_day_0.csv
126700,,,RAINFOREST_RESIN,SEASHELLS,9998.0,1,trades_round_1_day_0.csv
126900,,,KELP,SEASHELLS,2031.0,1,trades_round_1_day_0.csv
126900,,,RAINFOREST_RESIN,SEASHELLS,10002.0,1,trades_round_1_day_0.csv
126900,,,SQUID_INK,SEASHELLS,1959.0,1,trades_round_1_day_0.csv
127000,,,RAINFOREST_RESIN,SEASHELLS,10002.0,1,trades_round_1_day_0.csv
127000,,,RAINFOREST_RESIN,SEASHELLS,10002.0,2,trades_round_1_day_0.csv
127100,,,RAINFOREST_RESIN,SEASHELLS,9998.0,1,trades_round_1_day_0.csv
127500,,,KELP,SEASHELLS,2031.0,2,trades_round_1_day_0.csv
127500,,,RAINFOREST_RESIN,SEASHELLS,10002.0,1,trades_round_1_day_0.csv
127500,,,RAINFOREST_RESIN,SEASHELLS,10002.0,2,trades_round_1_day_0.csv
127500,,,SQUID_INK,SEASHELLS,1958.0,2,trades_round_1_day_0.csv
127600,,,KELP,SEASHELLS,2028.0,2,trades_round_1_day_0.csv
127600,,,SQUID_INK,SEASHELLS,1955.0,2,trades_round_1_day_0.csv
127800,,,KELP,SEASHELLS,2029.0,5,trades_round_1_day_0.csv
128000,,,RAINFOREST_RESIN,SEASHELLS,10002.0,2,trades_round_1_day_0.csv
128100,,,KELP,SEASHELLS,2029.0,2,trades_round_1_day_0.csv
128100,,,SQUID_INK,SEASHELLS,1956.0,2,trades_round_1_day_0.csv
128400,,,KELP,SEASHELLS,2029.0,2,trades_round_1_day_0.csv
128400,,,RAINFOREST_RESIN,SEASHELLS,10002.0,1,trades_round_1_day_0.csv
128400,,,SQUID_INK,SEASHELLS,1956.0,2,trades_round_1_day_0.csv
128800,,,KELP,SEASHELLS,2032.0,8,trades_round_1_day_0.csv
128800,,,SQUID_INK,SEASHELLS,1960.0,8,trades_round_1_day_0.csv
129000,,,KELP,SEASHELLS,2028.0,1,trades_round_1_day_0.csv
129000,,,SQUID_INK,SEASHELLS,1957.0,1,trades_round_1_day_0.csv
129200,,,KELP,SEASHELLS,2028.0,1,trades_round_1_day_0.csv
129200,,,SQUID_INK,SEASHELLS,1958.0,1,trades_round_1_day_0.csv
129400,,,KELP,SEASHELLS,2032.0,4,trades_round_1_day_0.csv
129400,,,RAINFOREST_RESIN,SEASHELLS,9998.0,1,trades_round_1_day_0.csv
129400,,,SQUID_INK,SEASHELLS,1961.0,4,trades_round_1_day_0.csv
129500,,,RAINFOREST_RESIN,SEASHELLS,9998.0,1,trades_round_1_day_0.csv
129700,,,SQUID_INK,SEASHELLS,1959.0,2,trades_round_1_day_0.csv
129800,,,KELP,SEASHELLS,2032.0,2,trades_round_1_day_0.csv
129800,,,RAINFOREST_RESIN,SEASHELLS,10005.0,2,trades_round_1_day_0.csv
129800,,,SQUID_INK,SEASHELLS,1961.0,2,trades_round_1_day_0.csv
130100,,,KELP,SEASHELLS,2031.0,1,trades_round_1_day_0.csv
130100,,,SQUID_INK,SEASHELLS,1961.0,1,trades_round_1_day_0.csv
130300,,,RAINFOREST_RESIN,SEASHELLS,10005.0,2,trades_round_1_day_0.csv
130400,,,KELP,SEASHELLS,2029.0,3,trades_round_1_day_0.csv
130400,,,KELP,SEASHELLS,2032.0,1,trades_round_1_day_0.csv
130400,,,RAINFOREST_RESIN,SEASHELLS,10004.0,1,trades_round_1_day_0.csv
130400,,,SQUID_INK,SEASHELLS,1959.0,3,trades_round_1_day_0.csv
130400,,,SQUID_INK,SEASHELLS,1961.0,1,trades_round_1_day_0.csv
130700,,,KELP,SEASHELLS,2029.0,3,trades_round_1_day_0.csv
130700,,,KELP,SEASHELLS,2029.0,8,trades_round_1_day_0.csv
130700,,,SQUID_INK,SEASHELLS,1958.0,3,trades_round_1_day_0.csv
130700,,,SQUID_INK,SEASHELLS,1958.0,8,trades_round_1_day_0.csv
130900,,,KELP,SEASHELLS,2029.0,1,trades_round_1_day_0.csv
130900,,,SQUID_INK,SEASHELLS,1960.0,1,trades_round_1_day_0.csv
131100,,,KELP,SEASHELLS,2029.0,1,trades_round_1_day_0.csv
131100,,,KELP,SEASHELLS,2029.0,2,trades_round_1_day_0.csv
131100,,,SQUID_INK,SEASHELLS,1958.0,1,trades_round_1_day_0.csv
131100,,,SQUID_INK,SEASHELLS,1958.0,4,trades_round_1_day_0.csv
131200,,,KELP,SEASHELLS,2029.0,1,trades_round_1_day_0.csv
131200,,,SQUID_INK,SEASHELLS,1958.0,1,trades_round_1_day_0.csv
131500,,,KELP,SEASHELLS,2029.0,2,trades_round_1_day_0.csv
131500,,,RAINFOREST_RESIN,SEASHELLS,9996.0,1,trades_round_1_day_0.csv
131500,,,SQUID_INK,SEASHELLS,1957.0,2,trades_round_1_day_0.csv
131900,,,KELP,SEASHELLS,2029.0,2,trades_round_1_day_0.csv
131900,,,RAINFOREST_RESIN,SEASHELLS,9996.0,1,trades_round_1_day_0.csv
131900,,,RAINFOREST_RESIN,SEASHELLS,9996.0,1,trades_round_1_day_0.csv
131900,,,SQUID_INK,SEASHELLS,1959.0,2,trades_round_1_day_0.csv
132100,,,RAINFOREST_RESIN,SEASHELLS,10002.0,1,trades_round_1_day_0.csv
132200,,,KELP,SEASHELLS,2032.0,1,trades_round_1_day_0.csv
132200,,,RAINFOREST_RESIN,SEASHELLS,10004.0,1,trades_round_1_day_0.csv
132200,,,SQUID_INK,SEASHELLS,1963.0,1,trades_round_1_day_0.csv
132300,,,KELP,SEASHELLS,2030.0,1,trades_round_1_day_0.csv
132300,,,RAINFOREST_RESIN,SEASHELLS,9995.0,1,trades_round_1_day_0.csv
132300,,,RAINFOREST_RESIN,SEASHELLS,9998.0,2,trades_round_1_day_0.csv
132300,,,RAINFOREST_RESIN,SEASHELLS,9998.0,1,trades_round_1_day_0.csv
132300,,,SQUID_INK,SEASHELLS,1961.0,1,trades_round_1_day_0.csv
132600,,,KELP,SEASHELLS,2029.0,1,trades_round_1_day_0.csv
132600,,,RAINFOREST_RESIN,SEASHELLS,9998.0,1,trades_round_1_day_0.csv
132600,,,SQUID_INK,SEASHELLS,1958.0,1,trades_round_1_day_0.csv
132800,,,KELP,SEASHELLS,2029.0,1,trades_round_1_day_0.csv
132800,,,SQUID_INK,SEASHELLS,1959.0,1,trades_round_1_day_0.csv
132900,,,KELP,SEASHELLS,2031.0,1,trades_round_1_day_0.csv
132900,,,SQUID_INK,SEASHELLS,1960.0,1,trades_round_1_day_0.csv
133000,,,RAINFOREST_RESIN,SEASHELLS,9998.0,2,trades_round_1_day_0.csv
133200,,,KELP,SEASHELLS,2031.0,1,trades_round_1_day_0.csv
133200,,,SQUID_INK,SEASHELLS,1960.0,1,trades_round_1_day_0.csv
133500,,,RAINFOREST_RESIN,SEASHELLS,10005.0,8,trades_round_1_day_0.csv
133500,,,RAINFOREST_RESIN,SEASHELLS,9998.0,3,trades_round_1_day_0.csv
133600,,,KELP,SEASHELLS,2029.0,1,trades_round_1_day_0.csv
133600,,,KELP,SEASHELLS,2032.0,9,trades_round_1_day_0.csv
133600,,,SQUID_INK,SEASHELLS,1958.0,1,trades_round_1_day_0.csv
133600,,,SQUID_INK,SEASHELLS,1961.0,9,trades_round_1_day_0.csv
134000,,,KELP,SEASHELLS,2029.0,1,trades_round_1_day_0.csv
134000,,,SQUID_INK,SEASHELLS,1958.0,1,trades_round_1_day_0.csv
134500,,,KELP,SEASHELLS,2031.0,1,trades_round_1_day_0.csv
134700,,,RAINFOREST_RESIN,SEASHELLS,9998.0,1,trades_round_1_day_0.csv
134800,,,KELP,SEASHELLS,2029.0,13,trades_round_1_day_0.csv
134800,,,SQUID_INK,SEASHELLS,1958.0,2,trades_round_1_day_0.csv
134800,,,SQUID_INK,SEASHELLS,1958.0,11,trades_round_1_day_0.csv
134900,,,KELP,SEASHELLS,2029.0,4,trades_round_1_day_0.csv
134900,,,SQUID_INK,SEASHELLS,1957.0,4,trades_round_1_day_0.csv
135600,,,KELP,SEASHELLS,2033.0,5,trades_round_1_day_0.csv
135600,,,SQUID_INK,SEASHELLS,1959.0,5,trades_round_1_day_0.csv
135800,,,KELP,SEASHELLS,2031.0,1,trades_round_1_day_0.csv
135800,,,SQUID_INK,SEASHELLS,1956.0,1,trades_round_1_day_0.csv
136100,,,KELP,SEASHELLS,2029.0,1,trades_round_1_day_0.csv
136100,,,SQUID_INK,SEASHELLS,1955.0,1,trades_round_1_day_0.csv
136500,,,KELP,SEASHELLS,2029.0,1,trades_round_1_day_0.csv
136500,,,SQUID_INK,SEASHELLS,1954.0,1,trades_round_1_day_0.csv
137000,,,RAINFOREST_RESIN,SEASHELLS,10002.0,1,trades_round_1_day_0.csv
137100,,,KELP,SEASHELLS,2029.0,1,trades_round_1_day_0.csv
137200,,,KELP,SEASHELLS,2030.0,5,trades_round_1_day_0.csv
137200,,,SQUID_INK,SEASHELLS,1955.0,5,trades_round_1_day_0.csv
137400,,,KELP,SEASHELLS,2029.0,1,trades_round_1_day_0.csv
137400,,,RAINFOREST_RESIN,SEASHELLS,9995.0,1,trades_round_1_day_0.csv
137400,,,SQUID_INK,SEASHELLS,1955.0,1,trades_round_1_day_0.csv
137700,,,KELP,SEASHELLS,2030.0,2,trades_round_1_day_0.csv
137700,,,RAINFOREST_RESIN,SEASHELLS,9996.0,2,trades_round_1_day_0.csv
137700,,,SQUID_INK,SEASHELLS,1956.0,2,trades_round_1_day_0.csv
137800,,,KELP,SEASHELLS,2029.0,2,trades_round_1_day_0.csv
137800,,,RAINFOREST_RESIN,SEASHELLS,9996.0,2,trades_round_1_day_0.csv
137800,,,SQUID_INK,SEASHELLS,1956.0,2,trades_round_1_day_0.csv
138200,,,KELP,SEASHELLS,2032.0,1,trades_round_1_day_0.csv
138200,,,RAINFOREST_RESIN,SEASHELLS,9998.0,1,trades_round_1_day_0.csv
138200,,,SQUID_INK,SEASHELLS,1958.0,1,trades_round_1_day_0.csv
138300,,,KELP,SEASHELLS,2030.0,1,trades_round_1_day_0.csv
138300,,,SQUID_INK,SEASHELLS,1956.0,1,trades_round_1_day_0.csv
138600,,,KELP,SEASHELLS,2030.0,1,trades_round_1_day_0.csv
138600,,,KELP,SEASHELLS,2033.0,1,trades_round_1_day_0.csv
138600,,,RAINFOREST_RESIN,SEASHELLS,10004.0,1,trades_round_1_day_0.csv
138600,,,SQUID_INK,SEASHELLS,1956.0,1,trades_round_1_day_0.csv
138600,,,SQUID_INK,SEASHELLS,1959.0,1,trades_round_1_day_0.csv
139300,,,KELP,SEASHELLS,2033.0,1,trades_round_1_day_0.csv
139300,,,SQUID_INK,SEASHELLS,1959.0,1,trades_round_1_day_0.csv
139400,,,KELP,SEASHELLS,2033.0,1,trades_round_1_day_0.csv
139400,,,RAINFOREST_RESIN,SEASHELLS,9996.0,1,trades_round_1_day_0.csv
139400,,,SQUID_INK,SEASHELLS,1960.0,10,trades_round_1_day_0.csv
140500,,,RAINFOREST_RESIN,SEASHELLS,9998.0,1,trades_round_1_day_0.csv
140600,,,KELP,SEASHELLS,2030.0,1,trades_round_1_day_0.csv
140600,,,SQUID_INK,SEASHELLS,1955.0,1,trades_round_1_day_0.csv
141400,,,RAINFOREST_RESIN,SEASHELLS,9995.0,10,trades_round_1_day_0.csv
141500,,,KELP,SEASHELLS,2030.0,1,trades_round_1_day_0.csv
141500,,,SQUID_INK,SEASHELLS,1955.0,1,trades_round_1_day_0.csv
141600,,,KELP,SEASHELLS,2032.0,4,trades_round_1_day_0.csv
141600,,,RAINFOREST_RESIN,SEASHELLS,10002.0,1,trades_round_1_day_0.csv
141600,,,RAINFOREST_RESIN,SEASHELLS,10002.0,2,trades_round_1_day_0.csv
142000,,,KELP,SEASHELLS,2030.0,9,trades_round_1_day_0.csv
142000,,,SQUID_INK,SEASHELLS,1953.0,9,trades_round_1_day_0.csv
142100,,,KELP,SEASHELLS,2032.0,1,trades_round_1_day_0.csv
142100,,,SQUID_INK,SEASHELLS,1956.0,1,trades_round_1_day_0.csv
142200,,,KELP,SEASHELLS,2030.0,1,trades_round_1_day_0.csv
142200,,,SQUID_INK,SEASHELLS,1954.0,1,trades_round_1_day_0.csv
142500,,,RAINFOREST_RESIN,SEASHELLS,9998.0,1,trades_round_1_day_0.csv
143300,,,RAINFOREST_RESIN,SEASHELLS,9998.0,1,trades_round_1_day_0.csv
143600,,,KELP,SEASHELLS,2030.0,3,trades_round_1_day_0.csv
143600,,,SQUID_INK,SEASHELLS,1954.0,3,trades_round_1_day_0.csv
143800,,,KELP,SEASHELLS,2030.0,1,trades_round_1_day_0.csv
143800,,,SQUID_INK,SEASHELLS,1955.0,1,trades_round_1_day_0.csv
143900,,,KELP,SEASHELLS,2030.0,1,trades_round_1_day_0.csv
143900,,,RAINFOREST_RESIN,SEASHELLS,9998.0,1,trades_round_1_day_0.csv
143900,,,SQUID_INK,SEASHELLS,1955.0,1,trades_round_1_day_0.csv
144100,,,KELP,SEASHELLS,2032.0,1,trades_round_1_day_0.csv
144100,,,SQUID_INK,SEASHELLS,1958.0,1,trades_round_1_day_0.csv
144400,,,KELP,SEASHELLS,2030.0,1,trades_round_1_day_0.csv
144400,,,SQUID_INK,SEASHELLS,1956.0,1,trades_round_1_day_0.csv
144500,,,RAINFOREST_RESIN,SEASHELLS,10004.0,2,trades_round_1_day_0.csv
144500,,,RAINFOREST_RESIN,SEASHELLS,10004.0,10,trades_round_1_day_0.csv
144600,,,KELP,SEASHELLS,2030.0,2,trades_round_1_day_0.csv
144600,,,RAINFOREST_RESIN,SEASHELLS,9998.0,2,trades_round_1_day_0.csv
144600,,,SQUID_INK,SEASHELLS,1955.0,2,trades_round_1_day_0.csv
144800,,,RAINFOREST_RESIN,SEASHELLS,10002.0,1,trades_round_1_day_0.csv
145100,,,KELP,SEASHELLS,2033.0,1,trades_round_1_day_0.csv
145100,,,RAINFOREST_RESIN,SEASHELLS,9998.0,6,trades_round_1_day_0.csv
145100,,,RAINFOREST_RESIN,SEASHELLS,10005.0,1,trades_round_1_day_0.csv
145100,,,SQUID_INK,SEASHELLS,1959.0,1,trades_round_1_day_0.csv
145200,,,KELP,SEASHELLS,2030.0,1,trades_round_1_day_0.csv
145200,,,SQUID_INK,SEASHELLS,1955.0,1,trades_round_1_day_0.csv
145600,,,KELP,SEASHELLS,2031.0,1,trades_round_1_day_0.csv
145600,,,KELP,SEASHELLS,2031.0,1,trades_round_1_day_0.csv
145600,,,RAINFOREST_RESIN,SEASHELLS,10002.0,1,trades_round_1_day_0.csv
145600,,,SQUID_INK,SEASHELLS,1957.0,1,trades_round_1_day_0.csv
145600,,,SQUID_INK,SEASHELLS,1957.0,1,trades_round_1_day_0.csv
145900,,,KELP,SEASHELLS,2030.0,2,trades_round_1_day_0.csv
145900,,,RAINFOREST_RESIN,SEASHELLS,10002.0,2,trades_round_1_day_0.csv
145900,,,SQUID_INK,SEASHELLS,1955.0,2,trades_round_1_day_0.csv
146400,,,KELP,SEASHELLS,2030.0,2,trades_round_1_day_0.csv
146400,,,RAINFOREST_RESIN,SEASHELLS,9998.0,1,trades_round_1_day_0.csv
146400,,,SQUID_INK,SEASHELLS,1954.0,2,trades_round_1_day_0.csv
146400,,,SQUID_INK,SEASHELLS,1954.0,1,trades_round_1_day_0.csv
147000,,,KELP,SEASHELLS,2033.0,2,trades_round_1_day_0.csv
147000,,,KELP,SEASHELLS,2032.0,1,trades_round_1_day_0.csv
147000,,,RAINFOREST_RESIN,SEASHELLS,10004.0,1,trades_round_1_day_0.csv
147000,,,RAINFOREST_RESIN,SEASHELLS,10004.0,1,trades_round_1_day_0.csv
147000,,,RAINFOREST_RESIN,SEASHELLS,10002.0,1,trades_round_1_day_0.csv
147000,,,SQUID_INK,SEASHELLS,1956.0,2,trades_round_1_day_0.csv
147000,,,SQUID_INK,SEASHELLS,1955.0,1,trades_round_1_day_0.csv
147200,,,KELP,SEASHELLS,2032.0,1,trades_round_1_day_0.csv
147200,,,SQUID_INK,SEASHELLS,1955.0,1,trades_round_1_day_0.csv
147400,,,KELP,SEASHELLS,2030.0,1,trades_round_1_day_0.csv
147400,,,SQUID_INK,SEASHELLS,1953.0,1,trades_round_1_day_0.csv
147500,,,KELP,SEASHELLS,2032.0,1,trades_round_1_day_0.csv
147500,,,SQUID_INK,SEASHELLS,1954.0,1,trades_round_1_day_0.csv
148100,,,SQUID_INK,SEASHELLS,1951.0,1,trades_round_1_day_0.csv
148200,,,KELP,SEASHELLS,2033.0,2,trades_round_1_day_0.csv
148200,,,KELP,SEASHELLS,2032.0,1,trades_round_1_day_0.csv
148200,,,RAINFOREST_RESIN,SEASHELLS,9998.0,1,trades_round_1_day_0.csv
148200,,,RAINFOREST_RESIN,SEASHELLS,9998.0,2,trades_round_1_day_0.csv
148200,,,RAINFOREST_RESIN,SEASHELLS,9998.0,2,trades_round_1_day_0.csv
148200,,,SQUID_INK,SEASHELLS,1953.0,2,trades_round_1_day_0.csv
148200,,,SQUID_INK,SEASHELLS,1952.0,1,trades_round_1_day_0.csv
148700,,,KELP,SEASHELLS,2032.0,1,trades_round_1_day_0.csv
148700,,,RAINFOREST_RESIN,SEASHELLS,10005.0,5,trades_round_1_day_0.csv
148700,,,RAINFOREST_RESIN,SEASHELLS,9995.0,2,trades_round_1_day_0.csv
148700,,,SQUID_INK,SEASHELLS,1956.0,1,trades_round_1_day_0.csv
148900,,,KELP,SEASHELLS,2031.0,3,trades_round_1_day_0.csv
148900,,,SQUID_INK,SEASHELLS,1957.0,3,trades_round_1_day_0.csv
149000,,,KELP,SEASHELLS,2029.0,1,trades_round_1_day_0.csv
149000,,,RAINFOREST_RESIN,SEASHELLS,10002.0,1,trades_round_1_day_0.csv
149000,,,SQUID_INK,SEASHELLS,1955.0,1,trades_round_1_day_0.csv
149100,,,KELP,SEASHELLS,2029.0,1,trades_round_1_day_0.csv
149100,,,SQUID_INK,SEASHELLS,1955.0,1,trades_round_1_day_0.csv
149400,,,KELP,SEASHELLS,2029.0,4,trades_round_1_day_0.csv
149400,,,SQUID_INK,SEASHELLS,1956.0,4,trades_round_1_day_0.csv
149500,,,KELP,SEASHELLS,2029.0,1,trades_round_1_day_0.csv
149500,,,SQUID_INK,SEASHELLS,1955.0,1,trades_round_1_day_0.csv
150300,,,RAINFOREST_RESIN,SEASHELLS,10002.0,1,trades_round_1_day_0.csv
150600,,,RAINFOREST_RESIN,SEASHELLS,10002.0,1,trades_round_1_day_0.csv
151100,,,RAINFOREST_RESIN,SEASHELLS,10002.0,5,trades_round_1_day_0.csv
151200,,,RAINFOREST_RESIN,SEASHELLS,10004.0,2,trades_round_1_day_0.csv
151500,,,KELP,SEASHELLS,2033.0,12,trades_round_1_day_0.csv
151500,,,KELP,SEASHELLS,2033.0,1,trades_round_1_day_0.csv
151500,,,RAINFOREST_RESIN,SEASHELLS,10004.0,1,trades_round_1_day_0.csv
151500,,,SQUID_INK,SEASHELLS,1961.0,12,trades_round_1_day_0.csv
151500,,,SQUID_INK,SEASHELLS,1961.0,1,trades_round_1_day_0.csv
151600,,,KELP,SEASHELLS,2031.0,1,trades_round_1_day_0.csv
151600,,,RAINFOREST_RESIN,SEASHELLS,9996.0,1,trades_round_1_day_0.csv
151600,,,RAINFOREST_RESIN,SEASHELLS,9995.0,1,trades_round_1_day_0.csv
151600,,,SQUID_INK,SEASHELLS,1959.0,1,trades_round_1_day_0.csv
151700,,,SQUID_INK,SEASHELLS,1959.0,1,trades_round_1_day_0.csv
152000,,,SQUID_INK,SEASHELLS,1960.0,3,trades_round_1_day_0.csv
152100,,,KELP,SEASHELLS,2032.0,1,trades_round_1_day_0.csv
152100,,,RAINFOREST_RESIN,SEASHELLS,10002.0,1,trades_round_1_day_0.csv
152100,,,SQUID_INK,SEASHELLS,1959.0,1,trades_round_1_day_0.csv
152400,,,RAINFOREST_RESIN,SEASHELLS,9998.0,1,trades_round_1_day_0.csv
152600,,,RAINFOREST_RESIN,SEASHELLS,9998.0,1,trades_round_1_day_0.csv
152700,,,RAINFOREST_RESIN,SEASHELLS,9996.0,1,trades_round_1_day_0.csv
152800,,,KELP,SEASHELLS,2032.0,1,trades_round_1_day_0.csv
152800,,,SQUID_INK,SEASHELLS,1961.0,1,trades_round_1_day_0.csv
153000,,,RAINFOREST_RESIN,SEASHELLS,9998.0,1,trades_round_1_day_0.csv
153200,,,RAINFOREST_RESIN,SEASHELLS,10002.0,2,trades_round_1_day_0.csv
153300,,,RAINFOREST_RESIN,SEASHELLS,9998.0,1,trades_round_1_day_0.csv
153400,,,SQUID_INK,SEASHELLS,1962.0,3,trades_round_1_day_0.csv
153500,,,KELP,SEASHELLS,2030.0,1,trades_round_1_day_0.csv
153500,,,SQUID_INK,SEASHELLS,1961.0,1,trades_round_1_day_0.csv
153600,,,KELP,SEASHELLS,2030.0,1,trades_round_1_day_0.csv
153600,,,SQUID_INK,SEASHELLS,1961.0,1,trades_round_1_day_0.csv
154000,,,KELP,SEASHELLS,2032.0,1,trades_round_1_day_0.csv
154000,,,SQUID_INK,SEASHELLS,1962.0,1,trades_round_1_day_0.csv
154200,,,KELP,SEASHELLS,2030.0,2,trades_round_1_day_0.csv
154200,,,RAINFOREST_RESIN,SEASHELLS,9996.0,1,trades_round_1_day_0.csv
154200,,,RAINFOREST_RESIN,SEASHELLS,9996.0,1,trades_round_1_day_0.csv
154200,,,SQUID_INK,SEASHELLS,1959.0,1,trades_round_1_day_0.csv
154200,,,SQUID_INK,SEASHELLS,1959.0,1,trades_round_1_day_0.csv
154900,,,KELP,SEASHELLS,2032.0,3,trades_round_1_day_0.csv
154900,,,SQUID_INK,SEASHELLS,1960.0,3,trades_round_1_day_0.csv
155100,,,KELP,SEASHELLS,2030.0,1,trades_round_1_day_0.csv
155100,,,KELP,SEASHELLS,2033.0,6,trades_round_1_day_0.csv
155100,,,SQUID_INK,SEASHELLS,1957.0,1,trades_round_1_day_0.csv
155100,,,SQUID_INK,SEASHELLS,1960.0,6,trades_round_1_day_0.csv
155200,,,KELP,SEASHELLS,2030.0,1,trades_round_1_day_0.csv
155200,,,KELP,SEASHELLS,2033.0,1,trades_round_1_day_0.csv
155200,,,RAINFOREST_RESIN,SEASHELLS,10004.0,1,trades_round_1_day_0.csv
155200,,,SQUID_INK,SEASHELLS,1957.0,1,trades_round_1_day_0.csv
155200,,,SQUID_INK,SEASHELLS,1960.0,1,trades_round_1_day_0.csv
155300,,,RAINFOREST_RESIN,SEASHELLS,9998.0,3,trades_round_1_day_0.csv
155600,,,KELP,SEASHELLS,2030.0,1,trades_round_1_day_0.csv
155600,,,SQUID_INK,SEASHELLS,1959.0,1,trades_round_1_day_0.csv
156000,,,KELP,SEASHELLS,2033.0,7,trades_round_1_day_0.csv
156000,,,SQUID_INK,SEASHELLS,1961.0,7,trades_round_1_day_0.csv
156100,,,RAINFOREST_RESIN,SEASHELLS,10002.0,1,trades_round_1_day_0.csv
156400,,,KELP,SEASHELLS,2033.0,15,trades_round_1_day_0.csv
156400,,,KELP,SEASHELLS,2032.0,5,trades_round_1_day_0.csv
156400,,,RAINFOREST_RESIN,SEASHELLS,9998.0,2,trades_round_1_day_0.csv
156400,,,RAINFOREST_RESIN,SEASHELLS,9998.0,1,trades_round_1_day_0.csv
156400,,,SQUID_INK,SEASHELLS,1962.0,15,trades_round_1_day_0.csv
156800,,,KELP,SEASHELLS,2032.0,2,trades_round_1_day_0.csv
156800,,,KELP,SEASHELLS,2032.0,5,trades_round_1_day_0.csv
156800,,,RAINFOREST_RESIN,SEASHELLS,9998.0,1,trades_round_1_day_0.csv
156800,,,RAINFOREST_RESIN,SEASHELLS,9998.0,1,trades_round_1_day_0.csv
156800,,,SQUID_INK,SEASHELLS,1961.0,2,trades_round_1_day_0.csv
156800,,,SQUID_INK,SEASHELLS,1961.0,5,trades_round_1_day_0.csv
156900,,,KELP,SEASHELLS,2033.0,1,trades_round_1_day_0.csv
156900,,,RAINFOREST_RESIN,SEASHELLS,9998.0,1,trades_round_1_day_0.csv
156900,,,SQUID_INK,SEASHELLS,1960.0,1,trades_round_1_day_0.csv
157100,,,RAINFOREST_RESIN,SEASHELLS,10002.0,1,trades_round_1_day_0.csv
157400,,,KELP,SEASHELLS,2030.0,1,trades_round_1_day_0.csv
157400,,,KELP,SEASHELLS,2033.0,11,trades_round_1_day_0.csv
157400,,,KELP,SEASHELLS,2030.0,1,trades_round_1_day_0.csv
157400,,,RAINFOREST_RESIN,SEASHELLS,9996.0,1,trades_round_1_day_0.csv
157400,,,SQUID_INK,SEASHELLS,1955.0,1,trades_round_1_day_0.csv
157400,,,SQUID_INK,SEASHELLS,1958.0,11,trades_round_1_day_0.csv
157400,,,SQUID_INK,SEASHELLS,1955.0,1,trades_round_1_day_0.csv
157600,,,KELP,SEASHELLS,2033.0,10,trades_round_1_day_0.csv
157600,,,SQUID_INK,SEASHELLS,1959.0,10,trades_round_1_day_0.csv
157700,,,KELP,SEASHELLS,2029.0,14,trades_round_1_day_0.csv
157700,,,SQUID_INK,SEASHELLS,1955.0,14,trades_round_1_day_0.csv
157800,,,RAINFOREST_RESIN,SEASHELLS,10002.0,1,trades_round_1_day_0.csv
158300,,,RAINFOREST_RESIN,SEASHELLS,9998.0,1,trades_round_1_day_0.csv
158400,,,KELP,SEASHELLS,2033.0,2,trades_round_1_day_0.csv
158400,,,RAINFOREST_RESIN,SEASHELLS,10004.0,1,trades_round_1_day_0.csv
158400,,,SQUID_INK,SEASHELLS,1957.0,2,trades_round_1_day_0.csv
158700,,,KELP,SEASHELLS,2032.0,1,trades_round_1_day_0.csv
158700,,,RAINFOREST_RESIN,SEASHELLS,9998.0,1,trades_round_1_day_0.csv
158700,,,SQUID_INK,SEASHELLS,1956.0,1,trades_round_1_day_0.csv
159000,,,KELP,SEASHELLS,2032.0,1,trades_round_1_day_0.csv
159000,,,SQUID_INK,SEASHELLS,1957.0,1,trades_round_1_day_0.csv
159200,,,KELP,SEASHELLS,2030.0,1,trades_round_1_day_0.csv
159200,,,SQUID_INK,SEASHELLS,1955.0,1,trades_round_1_day_0.csv
159300,,,KELP,SEASHELLS,2030.0,1,trades_round_1_day_0.csv
159300,,,SQUID_INK,SEASHELLS,1955.0,1,trades_round_1_day_0.csv
159400,,,KELP,SEASHELLS,2032.0,1,trades_round_1_day_0.csv
159400,,,RAINFOREST_RESIN,SEASHELLS,9998.0,1,trades_round_1_day_0.csv
159400,,,SQUID_INK,SEASHELLS,1958.0,1,trades_round_1_day_0.csv
159500,,,KELP,SEASHELLS,2032.0,1,trades_round_1_day_0.csv
159500,,,RAINFOREST_RESIN,SEASHELLS,9995.0,1,trades_round_1_day_0.csv
159500,,,SQUID_INK,SEASHELLS,1959.0,1,trades_round_1_day_0.csv
159700,,,KELP,SEASHELLS,2033.0,1,trades_round_1_day_0.csv
159700,,,KELP,SEASHELLS,2033.0,3,trades_round_1_day_0.csv
159700,,,SQUID_INK,SEASHELLS,1960.0,4,trades_round_1_day_0.csv
160000,,,RAINFOREST_RESIN,SEASHELLS,10005.0,12,trades_round_1_day_0.csv
160700,,,KELP,SEASHELLS,2031.0,2,trades_round_1_day_0.csv
160700,,,KELP,SEASHELLS,2031.0,2,trades_round_1_day_0.csv
160700,,,SQUID_INK,SEASHELLS,1962.0,4,trades_round_1_day_0.csv
161000,,,KELP,SEASHELLS,2031.0,1,trades_round_1_day_0.csv
161000,,,KELP,SEASHELLS,2031.0,2,trades_round_1_day_0.csv
161000,,,RAINFOREST_RESIN,SEASHELLS,9996.0,2,trades_round_1_day_0.csv
161000,,,SQUID_INK,SEASHELLS,1964.0,1,trades_round_1_day_0.csv
161000,,,SQUID_INK,SEASHELLS,1964.0,2,trades_round_1_day_0.csv
161500,,,KELP,SEASHELLS,2033.0,1,trades_round_1_day_0.csv
161500,,,SQUID_INK,SEASHELLS,1964.0,1,trades_round_1_day_0.csv
161600,,,RAINFOREST_RESIN,SEASHELLS,10002.0,1,trades_round_1_day_0.csv
163100,,,KELP,SEASHELLS,2030.0,1,trades_round_1_day_0.csv
163100,,,KELP,SEASHELLS,2032.0,6,trades_round_1_day_0.csv
163100,,,SQUID_INK,SEASHELLS,1962.0,1,trades_round_1_day_0.csv
163400,,,KELP,SEASHELLS,2033.0,1,trades_round_1_day_0.csv
163400,,,KELP,SEASHELLS,2033.0,1,trades_round_1_day_0.csv
163400,,,RAINFOREST_RESIN,SEASHELLS,10004.0,1,trades_round_1_day_0.csv
163400,,,RAINFOREST_RESIN,SEASHELLS,10004.0,1,trades_round_1_day_0.csv
163400,,,SQUID_INK,SEASHELLS,1965.0,2,trades_round_1_day_0.csv
163400,,,SQUID_INK,SEASHELLS,1964.0,4,trades_round_1_day_0.csv
163900,,,RAINFOREST_RESIN,SEASHELLS,10004.0,2,trades_round_1_day_0.csv
164000,,,KELP,SEASHELLS,2033.0,1,trades_round_1_day_0.csv
164000,,,KELP,SEASHELLS,2032.0,2,trades_round_1_day_0.csv
164000,,,SQUID_INK,SEASHELLS,1963.0,3,trades_round_1_day_0.csv
164200,,,KELP,SEASHELLS,2034.0,14,trades_round_1_day_0.csv
164200,,,SQUID_INK,SEASHELLS,1964.0,14,trades_round_1_day_0.csv
164400,,,KELP,SEASHELLS,2033.0,1,trades_round_1_day_0.csv
164400,,,SQUID_INK,SEASHELLS,1962.0,1,trades_round_1_day_0.csv
164600,,,RAINFOREST_RESIN,SEASHELLS,9998.0,1,trades_round_1_day_0.csv
164800,,,RAINFOREST_RESIN,SEASHELLS,10004.0,1,trades_round_1_day_0.csv
164800,,,RAINFOREST_RESIN,SEASHELLS,10004.0,3,trades_round_1_day_0.csv
164900,,,KELP,SEASHELLS,2031.0,8,trades_round_1_day_0.csv
164900,,,KELP,SEASHELLS,2034.0,1,trades_round_1_day_0.csv
164900,,,RAINFOREST_RESIN,SEASHELLS,10005.0,1,trades_round_1_day_0.csv
164900,,,SQUID_INK,SEASHELLS,1960.0,8,trades_round_1_day_0.csv
164900,,,SQUID_INK,SEASHELLS,1963.0,1,trades_round_1_day_0.csv
165600,,,KELP,SEASHELLS,2032.0,3,trades_round_1_day_0.csv
165700,,,KELP,SEASHELLS,2033.0,1,trades_round_1_day_0.csv
165800,,,KELP,SEASHELLS,2031.0,1,trades_round_1_day_0.csv
165800,,,RAINFOREST_RESIN,SEASHELLS,10004.0,1,trades_round_1_day_0.csv
165800,,,SQUID_INK,SEASHELLS,1957.0,1,trades_round_1_day_0.csv
165800,,,SQUID_INK,SEASHELLS,1960.0,1,trades_round_1_day_0.csv
165900,,,RAINFOREST_RESIN,SEASHELLS,9996.0,1,trades_round_1_day_0.csv
166200,,,RAINFOREST_RESIN,SEASHELLS,10002.0,1,trades_round_1_day_0.csv
166500,,,KELP,SEASHELLS,2031.0,1,trades_round_1_day_0.csv
166500,,,SQUID_INK,SEASHELLS,1957.0,1,trades_round_1_day_0.csv
167100,,,KELP,SEASHELLS,2031.0,2,trades_round_1_day_0.csv
167100,,,RAINFOREST_RESIN,SEASHELLS,9996.0,2,trades_round_1_day_0.csv
167100,,,SQUID_INK,SEASHELLS,1957.0,2,trades_round_1_day_0.csv
167400,,,KELP,SEASHELLS,2033.0,1,trades_round_1_day_0.csv
167400,,,SQUID_INK,SEASHELLS,1960.0,1,trades_round_1_day_0.csv
167800,,,KELP,SEASHELLS,2031.0,7,trades_round_1_day_0.csv
167800,,,SQUID_INK,SEASHELLS,1958.0,7,trades_round_1_day_0.csv
168200,,,KELP,SEASHELLS,2031.0,14,trades_round_1_day_0.csv
168200,,,KELP,SEASHELLS,2033.0,2,trades_round_1_day_0.csv
168200,,,RAINFOREST_RESIN,SEASHELLS,10005.0,2,trades_round_1_day_0.csv
168200,,,SQUID_INK,SEASHELLS,1958.0,14,trades_round_1_day_0.csv
168200,,,SQUID_INK,SEASHELLS,1960.0,2,trades_round_1_day_0.csv
168400,,,RAINFOREST_RESIN,SEASHELLS,9998.0,3,trades_round_1_day_0.csv
168400,,,RAINFOREST_RESIN,SEASHELLS,10004.0,1,trades_round_1_day_0.csv
168400,,,RAINFOREST_RESIN,SEASHELLS,10004.0,9,trades_round_1_day_0.csv
168700,,,KELP,SEASHELLS,2034.0,11,trades_round_1_day_0.csv
168700,,,SQUID_INK,SEASHELLS,1960.0,11,trades_round_1_day_0.csv
169000,,,KELP,SEASHELLS,2031.0,10,trades_round_1_day_0.csv
169000,,,RAINFOREST_RESIN,SEASHELLS,9998.0,1,trades_round_1_day_0.csv
169000,,,SQUID_INK,SEASHELLS,1954.0,10,trades_round_1_day_0.csv
169200,,,KELP,SEASHELLS,2030.0,2,trades_round_1_day_0.csv
169200,,,RAINFOREST_RESIN,SEASHELLS,9995.0,2,trades_round_1_day_0.csv
169200,,,SQUID_INK,SEASHELLS,1952.0,2,trades_round_1_day_0.csv
169300,,,SQUID_INK,SEASHELLS,1951.0,4,trades_round_1_day_0.csv
169900,,,RAINFOREST_RESIN,SEASHELLS,9998.0,2,trades_round_1_day_0.csv
170000,,,RAINFOREST_RESIN,SEASHELLS,9998.0,5,trades_round_1_day_0.csv
170100,,,KELP,SEASHELLS,2031.0,1,trades_round_1_day_0.csv
170100,,,SQUID_INK,SEASHELLS,1953.0,1,trades_round_1_day_0.csv
170200,,,RAINFOREST_RESIN,SEASHELLS,9998.0,1,trades_round_1_day_0.csv
171300,,,RAINFOREST_RESIN,SEASHELLS,9998.0,1,trades_round_1_day_0.csv
171300,,,SQUID_INK,SEASHELLS,1954.0,1,trades_round_1_day_0.csv
171600,,,KELP,SEASHELLS,2033.0,1,trades_round_1_day_0.csv
171600,,,RAINFOREST_RESIN,SEASHELLS,9998.0,1,trades_round_1_day_0.csv
171600,,,SQUID_INK,SEASHELLS,1956.0,1,trades_round_1_day_0.csv
171700,,,RAINFOREST_RESIN,SEASHELLS,10002.0,2,trades_round_1_day_0.csv
171800,,,KELP,SEASHELLS,2033.0,1,trades_round_1_day_0.csv
171800,,,RAINFOREST_RESIN,SEASHELLS,9995.0,1,trades_round_1_day_0.csv
171800,,,SQUID_INK,SEASHELLS,1956.0,1,trades_round_1_day_0.csv
172300,,,KELP,SEASHELLS,2031.0,14,trades_round_1_day_0.csv
172300,,,SQUID_INK,SEASHELLS,1953.0,14,trades_round_1_day_0.csv
172500,,,KELP,SEASHELLS,2030.0,9,trades_round_1_day_0.csv
172500,,,SQUID_INK,SEASHELLS,1953.0,9,trades_round_1_day_0.csv
172600,,,KELP,SEASHELLS,2034.0,1,trades_round_1_day_0.csv
172600,,,RAINFOREST_RESIN,SEASHELLS,10004.0,1,trades_round_1_day_0.csv
172600,,,SQUID_INK,SEASHELLS,1957.0,1,trades_round_1_day_0.csv
172800,,,KELP,SEASHELLS,2030.0,1,trades_round_1_day_0.csv
172800,,,SQUID_INK,SEASHELLS,1953.0,1,trades_round_1_day_0.csv
172900,,,RAINFOREST_RESIN,SEASHELLS,9998.0,2,trades_round_1_day_0.csv
173000,,,KELP,SEASHELLS,2030.0,2,trades_round_1_day_0.csv
173000,,,RAINFOREST_RESIN,SEASHELLS,9998.0,2,trades_round_1_day_0.csv
173000,,,SQUID_INK,SEASHELLS,1951.0,2,trades_round_1_day_0.csv
173100,,,KELP,SEASHELLS,2030.0,1,trades_round_1_day_0.csv
173100,,,SQUID_INK,SEASHELLS,1952.0,1,trades_round_1_day_0.csv
173300,,,KELP,SEASHELLS,2033.0,1,trades_round_1_day_0.csv
173300,,,KELP,SEASHELLS,2034.0,2,trades_round_1_day_0.csv
173300,,,RAINFOREST_RESIN,SEASHELLS,10004.0,1,trades_round_1_day_0.csv
173300,,,SQUID_INK,SEASHELLS,1957.0,15,trades_round_1_day_0.csv
173300,,,SQUID_INK,SEASHELLS,1957.0,2,trades_round_1_day_0.csv
173600,,,KELP,SEASHELLS,2032.0,1,trades_round_1_day_0.csv
173600,,,SQUID_INK,SEASHELLS,1957.0,1,trades_round_1_day_0.csv
174400,,,KELP,SEASHELLS,2030.0,2,trades_round_1_day_0.csv
174400,,,KELP,SEASHELLS,2031.0,3,trades_round_1_day_0.csv
174400,,,RAINFOREST_RESIN,SEASHELLS,10002.0,1,trades_round_1_day_0.csv
174400,,,SQUID_INK,SEASHELLS,1956.0,2,trades_round_1_day_0.csv
174400,,,SQUID_INK,SEASHELLS,1955.0,2,trades_round_1_day_0.csv
174400,,,SQUID_INK,SEASHELLS,1956.0,1,trades_round_1_day_0.csv
174600,,,RAINFOREST_RESIN,SEASHELLS,10002.0,1,trades_round_1_day_0.csv
174800,,,KELP,SEASHELLS,2030.0,1,trades_round_1_day_0.csv
174800,,,SQUID_INK,SEASHELLS,1955.0,1,trades_round_1_day_0.csv
175100,,,RAINFOREST_RESIN,SEASHELLS,10002.0,2,trades_round_1_day_0.csv
176300,,,RAINFOREST_RESIN,SEASHELLS,10005.0,3,trades_round_1_day_0.csv
176700,,,KELP,SEASHELLS,2030.0,2,trades_round_1_day_0.csv
176700,,,RAINFOREST_RESIN,SEASHELLS,9998.0,2,trades_round_1_day_0.csv
176700,,,RAINFOREST_RESIN,SEASHELLS,9998.0,2,trades_round_1_day_0.csv
176700,,,SQUID_INK,SEASHELLS,1954.0,2,trades_round_1_day_0.csv
177000,,,KELP,SEASHELLS,2030.0,1,trades_round_1_day_0.csv
177000,,,SQUID_INK,SEASHELLS,1952.0,1,trades_round_1_day_0.csv
177600,,,RAINFOREST_RESIN,SEASHELLS,10005.0,6,trades_round_1_day_0.csv
